1921 3260
733 178 1072 217 ·-—ssl—

184 303 223 353 2,
254 302 324 350 23)
355 314 429 355 per
459 303 595 342 ioeuni
629 302 888 354 significatur
917 302 1008 340 ovis
1040 314 1062 340 a
1092 300 1208 354 Lupo
1231 299 1374 351 (Lyco)
1402 299 1686 352 despolianda.

184 383 224 421 et
254 379 364 420 Mars
403 381 553 421 dicitnr
589 383 625 421 ei
665 382 801 428 irasci,
840 381 937 433 quia
975 362 1122 431 lunum
1152 378 1329 419 Romani
1363 378 1482 418 Marti
1522 391 1685 417 sacrum

184 464 385 512 putarunt
429 464 469 500 et
508 459 558 499 ab
597 473 646 499 eo
685 459 881 512 gregibus
925 459 1101 498 immitti.
1177 457 1292 505 Quae
1336 456 1505 510 quidem
1547 457 1687 510 opinio

185 538 353 578 Graecis
386 551 487 578 sane
508 537 662 588 aberat,
694 537 765 577 sed
793 540 933 576 tamen
956 537 1146 590 suspicer
1165 536 1229 575 hic
1255 535 1447 576 Plautum
1472 536 1689 587 exemplar

185 619 377 657 secutum
396 629 505 667 esse,
524 629 597 669 pre
620 615 748 655 Marte
767 615 823 655 ibi
848 621 1089 668 nuneupato
1108 615 1316 667 Apolline,
1349 627 1472 667 quem
1495 614 1687 667 luporum

185 694 448 736 defensorem
465 708 728 749 gregumque
751 699 970 748 patronum
1005 695 1148 735 Graeci
1180 694 1527 747 cognominarent
1547 686 1689 731 Λύκιον

185 774 276 813 sive
322 768 487 813 Λύκειον
532 776 744 828 (quamvis
786 787 829 813 re
871 786 966 813 vera
1017 774 1097 813 alia
1143 778 1255 813 esset
1289 773 1404 811 vocis
1451 774 1582 825 origo)
1623 772 1689 811 vel

187 847 437 892 Λυκοκτὸνον
466 859 506 893 et
533 847 681 907 Νόμιον
712 866 873 906 quaeve
906 854 984 893 alia
1008 855 1178 893 fuerunt
1205 853 1383 905 epitheta
1408 864 1482 904 per
1502 851 1689 891 diversas

184 933 372 973 civitates
404 933 454 972 ad
484 933 550 972 dei
580 934 758 986 pastoris
786 933 970 972 officium
1001 932 1213 972 tendentia
1245 932 1307 982 (cf.
1339 930 1517 970 Maereb.
1553 929 1633 970 Sat.
1658 929 1690 981 Ι,

188 1013 251 1063 17,
297 1013 377 1063 43).
452 1011 562 1052 Huic
611 1014 876 1052 coniecturae
924 1024 1006 1051 non
1054 1011 1180 1051 officit
1225 1010 1335 1063 quod
1379 1011 1488 1049 inter
1532 1022 1577 1049 se
1624 1010 1690 1050 vel

187 1090 377 1145 opposita
410 1094 508 1130 sunt
540 1089 681 1130 Martis
713 1096 752 1130 et
781 1091 989 1144 Apollinis
1013 1102 1199 1141 munera,
1231 1089 1400 1129 alterius
1431 1089 1691 1143 propellendi

185 1169 321 1223 lupos,
343 1169 514 1210 alterius
541 1169 796 1223 impellendi.
844 1169 951 1218 Quid
975 1169 1122 1209 enim?
1156 1168 1308 1209 Nonne
1339 1170 1494 1221 optime
1523 1181 1692 1221 quoque

187 1252 312 1288 staret
342 1249 422 1289 loei
455 1251 675 1301 sententia,
707 1250 740 1288 si
766 1249 972 1288 diceretur
1002 1249 1105 1288 fere:
1141 1248 1231 1300 „nli
1260 1248 1521 1300 chlamydato
1544 1248 1692 1301 Apollo

189 1329 318 1368 iratus
341 1330 444 1379 est“‚
475 1341 530 1369 se.
557 1330 654 1383 quia
677 1342 758 1369 non
783 1332 939 1368 tutatur
961 1341 1058 1368 eum
1081 1341 1104 1367 a
1127 1328 1254 1382 lupo?
1283 1327 1393 1376 Quin
1413 1328 1537 1367 etiam
1558 1329 1693 1381 aptius

188 1407 338 1460 Apollo
384 1421 479 1464 eum
526 1409 706 1462 epitheto
747 1401 890 1454 Λύκιος
935 1407 1004 1447 illo
1049 1407 1138 1447 loeo
1187 1407 1328 1447 induci
1377 1408 1478 1446 mihi
1516 1407 1693 1458 videtur,

190 1488 288 1540 quia
318 1487 396 1527 hoc
427 1488 561 1541 lepide
591 1488 738 1528 alludit
769 1487 818 1528 ad
860 1488 1024 1528 lenonis
1057 1500 1211 1527 nomen
1243 1482 1418 1539 (λύκος),
1448 1502 1470 1527 a
1493 1489 1615 1528 euius
1637 1488 1693 1538 vi,

188 1569 391 1619 quantum
423 1568 655 1607 coniectare
683 1567 792 1619 lieet,
830 1568 986 1607 dietum
1019 1567 1119 1607 illud
1152 1571 1345 1607 exortum
1374 1568 1436 1606 sit.
1473 1591 1524 1595 —
1553 1566 1692 1620 Atque

189 1645 356 1685 iteravit
399 1646 439 1685 id
483 1646 606 1699 paulo
649 1647 934 1686 modificatum
974 1648 1064 1686 sive
1103 1645 1276 1686 Plautus
1326 1647 1416 1685 sive
1460 1645 1692 1685 fabularum

190 1725 283 1765 eius
322 1730 561 1766 retractator
604 1725 723 1766 True.
762 1725 837 1778 ΙΙΙ,
887 1728 919 1778 1,
956 1728 978 1766 9
1016 1739 1103 1779 sqq.
1145 1727 1261 1778 (654)
1299 1740 1393 1779 „090
1418 1740 1523 1778 pera
1553 1725 1695 1776 minas,

192 1805 283 1844 ocis
323 1807 395 1857 (sc.
430 1806 653 1859 pecuniam
686 1819 760 1859 pro
798 1808 849 1846 iis
887 1806 1079 1856 solutam,
1119 1818 1201 1859 qna
1240 1804 1431 1857 StrabaX,
1477 1806 1548 1858 qui
1595 1806 1695 1845 haee

191 1884 388 1938 loquitur,
420 1889 579 1939 patrem
611 1884 823 1937 emunxit)
855 1885 893 1923 in
923 1885 1100 1923 crumina
1126 1883 1198 1922 leae
1226 1883 1298 1923 huc
1329 1885 1369 1923 ἰη
1399 1884 1531 1923 urbem
1563 1884 1692 1923 detuli.

195 1964 289 2004 Fuit
317 1964 431 2004 hodie
463 1965 598 2004 Alars
626 1979 721 2005 meo
737 1964 989 2017 periratus
1007 1964 1162 2016 patri,
1190 1961 1308 2002 Nam
1337 1964 1432 2003 ovis
1454 1963 1586 2003 illius
1607 1963 1695 2002 [ια-ιι

193 2042 326 2096 lonye
355 2044 522 2083 absunt
548 2059 572 2082 α
602 2044 774 2096 ίιι])ι’3.“
808 2068 848 2072 —
882 2043 968 2084 Iam
992 2044 1105 2083 aliud
1128 2043 1385 2096 exemplum.
1430 2042 1696 2096 Quicumque

193 2121 412 2163 Plautinae
434 2124 606 2164 rationis
631 2124 801 2163 nescius
825 2123 935 2177 leget
957 2125 998 2163 in
1024 2125 1157 2176 prima
1183 2122 1447 2163 Cureulionis
1476 2135 1601 2163 scena
1623 2122 1696 2175 (69

195 2211 305 2256 sqq.)
327 2202 428 2242 haee
444 2202 570 2242 verba
586 2203 696 2243 inter
713 2201 1018 2242 Phaedromum
1037 2215 1293 2256 servumque
1311 2204 1403 2243 eius
1423 2206 1694 2243 commutata:

196 2296 300 2335 „quo
317 2295 377 2321 me
396 2288 557 2329 ror-cam,
574 2282 708 2321 nescio.
729 2307 778 2310 -—
802 2282 848 2320 &i
865 2282 954 2321 dees
970 2281 1133 2329 salutas,
1160 2282 1521 2322 ‹le.11crov02·sum
1542 2296 1694 2321 censeo:

199 2358 319 2399 Mmc
347 2375 421 2399 ara
465 2360 618 2400 {emeris
646 2360 738 2401 llaec
767 2368 818 2401 est
839 2369 927 2401 cmte
954 2361 1286 2415 l102-m1cfin·as“‚
1320 2375 1402 2402 non
1424 2363 1574 2415 poterit
1595 2362 1697 2415 quin

196 2453 219 2479 a
258 2439 430 2480 barbaro
472 2444 592 2494 poeta
633 2454 680 2481 ea
720 2441 884 2481 fabulae
923 2442 1083 2481 intexta
1115 2453 1208 2481 esse
1241 2442 1466 2493 existimet,
1497 2441 1698 2494 quoniam

197 2532 293 2559 vere
330 2518 548 2560 Romanus
585 2519 663 2559 fuit
703 2521 822 2572 ritus,
861 2522 1096 2573 precatione
1137 2525 1299 2574 peracta
1341 2521 1392 2561 ad
1433 2521 1622 2561 dextram
1655 2533 1699 2560 se

197 2602 441 2640 convertere
479 2600 546 2650 (ef.
579 2599 1090 2653 Marquardt-Mommsem
1133 2599 1190 2638 IV
1235 2614 1271 2654 p.
1307 2601 1415 2653 174).
1476 2600 1555 2641 Sed
1598 2601 1698 2641 mihi

198 2691 251 2719 ne
293 2679 358 2719 hic
397 2678 566 2730 quidem
607 2677 804 2719 Plautum
841 2681 1073 2719 Atticorum
1106 2681 1283 2733 vestigia
1313 2681 1517 2733 pressisse
1547 2695 1570 2721 a
1601 2693 1698 2720 vero

198 2757 363 2798 videtur
413 2757 585 2809 abesse,
632 2759 865 2800 recordanti
908 2759 1088 2801 Graecos
1139 2764 1363 2814 antequam
1421 2762 1701 2802 sacrificarent

199 2837 457 2877 lustrationis
499 2849 625 2878 eausa
671 2851 784 2878 aram
825 2838 1143 2879 dextroversum
1186 2841 1415 2882 ambivisse
1457 2843 1700 2893 canistrum,
