1921 3260
781 171 1057 210 -31-

163 298 296 330 suas-⁶⁶.
356 291 433 342 (Ita
463 294 587 332 otiam
620 293 662 332 in
694 291 899 333 Theocriti
930 286 1252 347 Φαρμακεύτριαι
1283 291 1492 332 Simaetha
1524 291 1668 332 Lunae-

166 374 303 410 narrat
334 384 520 411 amores:
562 365 742 426 ,,Φράζεό
774 385 846 425 μευ
877 367 946 409 τὸν
977 369 1111 426 ἐρωὲῖ,
1155 370 1250 409 ὅθεν
1281 371 1401 420 ize-so,
1433 365 1561 410 πότνα.
1591 370 1669 410 Σε-
1730 373 1732 375 ’

164 442 334 498 λάνα.)“.
392 447 574 489 Tertium
606 450 724 489 sidus
755 452 982 498 Arcturus,
1014 448 1125 501 quod
1156 448 1223 487 vel
1256 461 1308 487 cx
1342 450 1512 489 nomine
1547 454 1669 503 patet.

165 526 335 567 Graecis
360 527 460 568 solis
491 528 564 567 fuit
592 528 772 580 insigne,
805 532 848 567 ut
870 528 1043 566 minime
1066 525 1241 566 dubium
1264 528 1317 566 sit
1339 529 1439 579 quin
1462 526 1669 567 Rudentis

164 605 374 659 prologus,
402 619 542 659 quem,
574 607 741 660 qualem
772 610 884 645 aetas
915 606 1021 656 tulit,
1052 604 1225 645 Brixius
1256 606 1381 658 praes.
1416 605 1526 646 Trin.
1560 620 1595 659 p.
1617 607 1668 646 20

163 697 330 726 summo
361 686 451 726 iure
480 684 628 725 Plauto
659 685 890 726 adiudicat.
935 684 1131 737 prodierit
1159 698 1214 725 ex
1246 686 1418 737 ingenio
1451 686 1598 725 saltem
1630 691 1670 725 et

162 763 408 804 inventione
440 765 567 804 Attici
599 768 756 817 poetae.
817 763 929 803 Huic
959 764 1085 817 igitur
1115 763 1288 804 debe-tur
1318 765 1443 804 etiam
1472 765 1576 804 mira
1597 765 1669 804 illa

163 842 214 882 de
245 843 378 883 stellis
409 845 615 883 sententia
635 867 688 871 —
708 847 750 883 ut
774 842 938 882 videtur
968 842 1107 883 fabula
1130 843 1342 897 popularis
1359 867 1408 872 —
1427 844 1482 894 (v.
1503 844 1670 895 6-27),

163 933 272 974 quae
313 921 512 962 (licuntur
550 927 673 963 noctu
714 924 756 962 in
788 921 925 972 caelo,
963 922 1030 961 (lie
1074 923 1116 961 in
1163 927 1270 962 terra
1302 923 1459 962 versari
1491 922 1668 976 Iovique

158 999 264 1053 'quid
301 1000 492 1041 homines
531 1008 655 1055 agant
701 1001 799 1042 boni
840 1007 880 1041 et
919 1001 1018 1041 mali
1055 1004 1308 1042 renuntiare.
1350 1025 1403 1030 —
1442 1001 1475 1041 E
1507 1001 1669 1054 reliqua

162 1078 335 1119 deorum
358 1080 626 1120 multitudine
651 1081 895 1134 pracsertim
918 1081 1000 1120 duo
1025 1082 1268 1122 nominandi
1293 1086 1403 1122 sunt.
1427 1094 1532 1134 quos
1555 1083 1668 1133 patre

162 1157 321 1210 divino,
350 1159 513 1199 mortali
547 1162 676 1199 matre
696 1161 876 1213 genitos,
906 1162 946 1200 in
971 1164 1077 1200 ten-a
1108 1161 1198 1212 ipsa
1223 1163 1437 1199 versantes
1458 1159 1668 1212 praeclara

162 1238 205 1277 in
235 1250 373 1291 genus
406 1238 639 1279 humanum
670 1238 873 1279 beneficia
905 1239 1134 1279 contulisse
1156 1238 1313 1279 Graeca
1342 1239 1486 1292 religio
1516 1238 1669 1289 decuit,

166 1316 509 1370 Aesculapius
552 1322 592 1357 et
624 1317 884 1358 Hercules.
948 1318 1136 1366 Quorum
1173 1331 1268 1358 cum
1311 1319 1411 1357 satis
1443 1316 1586 1357 crebra
1616 1318 1670 1356 sit

161 1395 274 1448 apud
311 1394 507 1436 Plautum
542 1399 756 1444 momoria,
798 1398 863 1437 bie
894 1402 1032 1438 tamen
1066 1409 1222 1450 paucos
1260 1408 1313 1435 ex
1352 1396 1536 1437 locorum
1570 1409 1667 1436 con—

160 1476 275 1528 gerie
297 1477 413 1516 iuvat
434 1477 589 1516 afferre.
622 1475 683 1516 De
705 1477 960 1530 Aesculapio
984 1477 1155 1530 quidem
1179 1488 1324 1525 unum,
1346 1474 1455 1515 Men.
1481 1477 1560 1515 882
1577 1489 1664 1529 sqq.

161 1553 343 1603 „Lumbi
370 1555 588 1602 se‹leml0‹l‚
631 1555 732 1594 oculi
760 1556 1018 1607 ae›.110pe‹·t‹m1l0
1051 1555 1192 1600 dolent,
1230 1554 1430 1594 Jlanemlo
1462 1555 1666 1602 medicum,

161 1634 253 1673 (lum
285 1650 324 1674 se
353 1650 400 1675 ea·
425 1649 540 1687 opere
571 1635 746 1687 recipiat.
808 1635 976 1674 odiosus
1006 1635 1160 1674 tamlem
1196 1635 1257 1673 rim
1288 1635 1337 1672 ‹tl›
1367 1633 1534 1685 ueyrotesss·
1557 1634 1666 1681 reuit,

160 1714 230 1753 Ait
269 1728 308 1753 se
346 1713 533 1766 oble'yasse
567 1729 656 1753 crus
686 1714 867 1767 fractum
906 1713 1157 1766 Aesculapio,
1190 1713 1370 1766 Apollini
1398 1720 1523 1751 autem
1554 1713 1668 1751 Isi-uc-

159 1791 330 1832 cln'um‘n
398 1791 478 1833 His
534 1792 728 1833 versibus
780 1792 1066 1834 Romanorum
1127 1793 1385 1833 medicorum
1431 1793 1667 1832 irrisionem

163 1874 369 1913 contineri
399 1871 521 1911 valde
552 1871 697 1912 dubito
728 1886 827 1913 num
859 1878 969 1914 recte
1000 1873 1210 1913 censuerit
1227 1871 1443 1912 Beekerus
1476 1870 1578 1911 Gall.
1598 1870 1670 1915 11²,

165 1951 255 1991 122.
305 1951 437 1992 Immo
459 1949 633 1991 Plautus
664 1955 704 1991 et
735 1951 835 1992 haec
866 1961 907 1991 et
938 1953 1077 1992 omnia
1105 1952 1278 2005 quaein
1301 1950 1578 2003 sequentibus
1601 1950 1669 1990 de-

163 2032 352 2071 scribunt
380 2030 605 2083 gloriosam
628 2044 674 2071 ae
698 2031 967 2084 vaniloquam
999 2031 1172 2081 medici,
1203 2031 1273 2083 qui
1305 2031 1395 2083 ipse
1426 2031 1467 2069 in
1501 2042 1666 2070 scenam

162 2110 310 2164 prodit,
341 2114 532 2150 naturam
555 2134 608 2138 —
631 2110 746 2150 velut
777 2111 887 2164 quod
918 2111 1146 2163 aegrotanti
1180 2108 1311 2149 morbi
1343 2114 1462 2149 notas
1492 2109 1667 2149 ridicule

162 2192 428 2243 percontatus
469 2191 669 2243 praecipit
705 2189 984 2241 helleborum,
1035 2201 1259 2230 commune
1294 2201 1340 2228 ac
1375 2188 1666 2242 pervulgatum

163 2268 333 2309 Graecis
364 2269 555 2308 insaniae
585 2269 843 2321 remedium,
872 2270 920 2309 cf.
954 2271 1076 2309 Arist.
1116 2269 1239 2322 Vesp.
1275 2270 1380 2308 1459
1411 2280 1505 2307 cum
1538 2267 1664 2307 schol.

162 2347 342 2401 Alciphr.
380 2346 456 2398 111,
486 2349 510 2386 2
543 2372 595 2376 -
628 2381 636 2399 ,
676 2348 868 2402 exemplo
900 2361 976 2389 suo
1008 2347 1160 2389 debere
1189 2347 1402 2401 putandus
1432 2352 1505 2387 est.
1568 2345 1668 2394 Qui-

162 2438 344 2479 cumque
390 2427 502 2466 enim
549 2426 732 2480 aliquem
779 2429 1032 2469 comicorum
1081 2441 1206 2469 usum
1261 2427 1401 2478 habet,
1453 2427 1667 2480 cognitum

162 2510 291 2557 tenet,
321 2518 446 2558 quam
479 2505 640 2546 acerbis
670 2507 830 2547 facetiis
861 2508 919 2548 illi
951 2509 1134 2549 medicos
1164 2514 1209 2548 ut
1241 2506 1491 2558 vaniloquos
1522 2509 1561 2545 et
1590 2506 1667 2545 cir-

164 2584 370 2625 culatores
410 2585 624 2625 irriserint.
686 2584 773 2626 lam
817 2574 1122 2641 Aristophanes
1152 2587 1261 2627 Nub.
1302 2588 1381 2626 332
1424 2587 1532 2626 inter
1559 2586 1668 2626 frau-

164 2664 327 2705 datores
366 2669 405 2704 et
441 2659 637 2712 ἀλαζόνκς
683 2672 899 2707 enumerat
948 2666 1220 2722 ἰατροτέχνας,
1266 2678 1403 2719 neque
1446 2666 1489 2705 in
1533 2678 1666 2705 novae

164 2743 404 2784 comoediae
448 2743 690 2797 fragmentis
738 2758 854 2786 rarae
911 2752 1009 2786 sunt
1064 2758 1207 2786 eorum
1261 2745 1547 2785 cavillationes
1599 2744 1663 2793 (cf.

166 2820 212 2862 O.
234 2821 435 2874 Ribbeck,
468 2821 570 2862 iiber
590 2822 670 2863 den
694 2822 914 2865 Character
942 2825 1015 2865 des
1045 2825 1221 2876 Alazon,
1254 2825 1371 2865 1851.
1395 2837 1431 2877 p.
1453 2824 1530 2863 153
1543 2825 1666 2876 sqq),
