1921 3260
789 158 1063 196 —47-

173 281 268 332 γοῦν
297 273 461 327 εἰκάσαι,
498 278 718 333 ε’γχέοοσι“.
790 279 881 320 Hoc
912 283 993 321 tam
1027 281 1107 320 seri
1141 281 1353 332 scriptoris
1382 283 1670 322 testimonium

173 370 256 397 non
289 358 467 397 multum
498 357 668 409 valeret,
699 359 780 398 nisi
817 359 1024 399 firmatum
1056 362 1168 398 essct
1190 363 1329 398 nostra
1351 363 1482 400 aetate
1506 361 1545 399 in
1572 374 1671 414 peu-

171 437 311 476 insula
330 435 588 490 Phanagoria
621 437 839 488 (adversus
863 438 1082 490 antiquum
1107 436 1446 490 Panticapaeum)
1479 439 1670 490 sepulcro

170 515 279 555 tertii
323 529 357 555 a.
390 514 481 555 Chr.
523 515 679 555 saeculi
720 515 893 566 detecte,
933 529 1016 568 quo
1048 516 1136 555 loco
1168 519 1208 555 ct
1239 517 1373 559 fovea,
1415 511 1558 571 βόθρος
1603 518 1671 557 illc

170 592 357 645 Luciani,
397 593 447 633 ad
479 594 623 633 vinum
670 594 977 634 infumlendum
1022 598 1060 633 ot
1101 595 1345 634 animalium
1385 608 1670 649 cenarumque

168 671 480 712 combustarum
524 673 725 726 reliquiae
773 676 961 726 repertae
1003 678 1114 725 sunt,
1159 674 1206 713 cs.
1240 674 1452 727 Stephani,
1499 674 1670 727 Compte

167 751 327 791 rendue
366 764 471 804 pour
510 752 675 792 l'annce
722 753 825 792 1864
872 767 908 806 p.
946 751 1047 791 VIII
1087 756 1126 792 et
1164 754 1268 792 1865
1314 766 1351 805 p.
1381 754 1404 791 (ἰ
1438 768 1527 807 sqq.
1590 754 1670 793 His

168 830 432 871 documentis
463 831 557 871 addi
590 835 726 884 potest
755 831 860 872 Plin.
889 831 942 871 Η.
976 832 1025 872 N.
1060 831 1161 884 XX,
1197 833 1259 883 11,
1292 833 1368 871 1123
1410 833 1557 883 „ambo
1595 835 1669 885 (sc.

167 910 426 964 Chrysippus
458 914 497 950 ct
524 909 757 962 Dionysius
789 911 949 958 dicunt)
983 915 1176 951 neutrum
1211 915 1278 961 (sc.
1312 924 1386 951 ncc
1411 924 1565 951 marem
1596 925 1670 952 no]

166 989 364 1030 feminam
396 990 555 1043 apium)
585 990 635 1029 ad
669 989 783 1030 cibos
817 991 1134 1042 admittemlum,
1178 992 1304 1030 immo
1337 993 1508 1031 omnino
1542 992 1671 1043 nefas,

167 1082 351 1123 namque
394 1069 434 1108 id
470 1068 760 1110 defunctorum
806 1070 942 1122 epulis
988 1069 1188 1110 feralibus
1226 1070 1407 1109 dicatum
1453 1071 1587 1113 esse‘·,
1632 1073 1671 1108 et

166 1147 371 1188 Plutarch.
405 1152 430 1187 t.
461 1147 496 1186 V
542 1161 579 1201 p.
613 1148 691 1187 881
742 1150 891 1199 ,εἴθικεν
933 1143 952 1186 ὁ
1000 1151 1081 1186 τῶν
1127 1143 1374 1203 φιλαργύρων
1414 1149 1493 1199 βίος
1537 1152 1670 1203 νεκροῦ

166 1221 321 1277 δείπνῳ·
362 1220 492 1265 πάντα
527 1223 601 1282 γὰρ
639 1229 742 1281 ἔχων
774 1223 842 1266 τὸν
872 1221 1240 1281 εὐφρανξὶησὸμενον
1273 1225 1344 1266 οὐκ
1372 1228 1492 1280 ἔχει“.
1554 1226 1669 1274 Quae

164 1319 260 1347 eum
293 1307 349 1346 ita
383 1307 479 1359 sint,
512 1306 866 1346 verisimillimum
899 1310 962 1346 est
983 1310 1023 1346 et
1045 1306 1225 1347 Graecos
1248 1310 1287 1346 et
1310 1305 1522 1346 Romanos
1546 1308 1669 1346 nonis·

166 1399 334 1440 quoque
365 1389 457 1439 pest
490 1386 637 1426 funera
669 1385 817 1426 diebus
850 1386 1023 1425 mortuis
1055 1398 1199 1425 cenam
1235 1387 1273 1425 in
1308 1386 1510 1439 sepulcris
1543 1399 1670 1438 appo-

166 1466 316 1507 suisse.
393 1463 549 1505 Tamen
602 1464 784 1505 Plautini
836 1465 935 1516 loci,
996 1464 1107 1505 unde
1160 1465 1239 1504 huc
1294 1465 1566 1516 devenimus,
1629 1467 1669 1503 ni

165 1544 350 1584 fallimur
422 1556 494 1597 pro
563 1544 708 1584 Graeci
787 1545 912 1583 moris
977 1544 1240 1584 documentis
1310 1543 1489 1584 habendi
1557 1548 1666 1584 sunt.

166 1622 374 1671 Quoniam
423 1624 537 1662 enim
583 1624 706 1676 coqui
756 1625 797 1662 in
840 1621 1037 1663 Pseudoli
1076 1624 1163 1663 loco
1204 1638 1233 1663 s.
1266 1637 1296 1663 s.
1336 1627 1504 1676 totaque
1544 1635 1669 1663 scena

165 1703 388 1756 descript-io
437 1702 697 1755 lepidissima
744 1702 865 1755 plane
914 1702 1138 1755 respondet
1187 1703 1247 1742 cis
1297 1702 1451 1755 quibus
1490 1703 1669 1742 Atticam

163 1783 421 1823 comoediam
439 1782 480 1822 id
498 1794 634 1835 genus
658 1782 873 1822 hominum
894 1784 1122 1836 castigasse
1144 1783 1387 1836 fragmentis
1410 1785 1670 1835 eompeitum

166 1862 369 1903 habemns
412 1862 477 1914 (cf.
512 1861 685 1902 Lorenz.
721 1862 845 1915 praef.
881 1860 1033 1902 Pseud.
1067 1875 1103 1915 p.
1142 1863 1190 1901 12
1224 1863 1346 1914 sqq),
1391 1875 1473 1901 non
1504 1864 1566 1901 est
1597 1874 1671 1901 cur

167 1943 260 1983 illos
300 1954 463 1994 versuS,
500 1942 571 1995 qui
609 1942 709 1981 satis
740 1942 890 1981 festive
922 1953 1060 1994 neque
1094 1942 1253 1981 insulse
1285 1942 1406 1994 coqui
1440 1935 1670 1987 ἀλαζονείαν

165 2022 346 2062 illudunt
377 2023 533 2074 (neque
565 2021 663 2060 inde
686 2021 931 2061 Aululariae
962 2021 1078 2060 locus
1104 2021 1239 2060 dirimi
1265 2022 1427 2073 potest),
1456 2033 1507 2060 ex
1536 2018 1668 2060 Plauti

164 2102 276 2141 fonte
322 2100 501 2140 fluxisse
550 2112 766 2153 negemus.
844 2099 1002 2148 Quodsi
1059 2101 1098 2139 in
1149 2099 1312 2139 duabus
1360 2098 1512 2139 fabulis
1559 2100 1668 2140 idem

165 2182 282 2221 iocus
327 2180 558 2230 invenitur,
599 2179 695 2218 inde
731 2180 805 2219 tria
848 2180 1012 2231 possint
1044 2179 1201 2232 colligi:
1248 2182 1318 2218 aut
1348 2179 1590 2219 Aululariae
1630 2182 1669 2219 et

169 2259 362 2300 Pseudoli
405 2259 661 2312 exemplaria
702 2258 890 2299 eiusdem
924 2271 1017 2299 esse
1049 2262 1194 2311 poetae
1226 2262 1296 2298 aut
1327 2258 1498 2298 alterius
1529 2262 1668 2298 aucto—

164 2353 250 2381 rem
282 2340 456 2380 alterum
489 2339 730 2391 respexisse
763 2342 832 2378 aut
863 2342 1090 2391 utrumque
1113 2339 1152 2377 in
1177 2340 1316 2377 animo
1340 2336 1537 2377 habuisse
1558 2339 1665 2377 tertii

165 2418 385 2459 cuiusdam
406 2419 553 2458 comici
577 2418 626 2458 (10
652 2430 785 2471 coquo
810 2417 1029 2457 nundinali
1061 2411 1258 2472 (μάγειρος
1280 2418 1457 2463 ἐναταῖος
1472 2417 1504 2467 Ρ)
1537 2417 1666 2457 facete

165 2498 337 2550 dietum,
378 2498 487 2551 quod
532 2498 652 2551 quasi
698 2499 738 2537 in
782 2496 1050 2551 proverbium
1089 2495 1271 2536 abiisset.
1334 2496 1438 2537 Nam
1485 2510 1528 2537 re
1567 2510 1665 2536 vera

166 2577 345 2617 Graecos
391 2589 537 2617 cenam
586 2576 877 2617 novendialem
924 2588 995 2629 per
1033 2576 1201 2615 viliores
1244 2589 1400 2629 coquos
1440 2576 1663 2629 parandam

165 2669 334 2696 curasse
381 2657 476 2709 quis
523 2656 689 2696 credat?
750 2654 1013 2708 Quamquam
1063 2654 1195 2695 Plauti
1245 2655 1367 2695 verba
1414 2655 1480 2702 „in
1522 2670 1662 2693 nonum

165 2736 265 2775 aliem
301 2734 427 2774 Solet
459 2736 513 2773 ire
544 2741 718 2773 voctum‘⁶
750 2735 790 2775 id
822 2736 1018 2776 videntur
1050 2735 1243 2775 indicarc.
1296 2735 1373 2775 Sed
1396 2735 1538 2774 dubito
1563 2748 1661 2774 num

164 2813 339 2855 Plautus
371 2816 460 2867 ipse
490 2814 565 2854 hoc
598 2814 685 2853 loco
713 2815 953 2868 exemplum
984 2828 1109 2855 suum
1133 2818 1240 2855 reete
1264 2815 1526 2854 intellexerit.
1578 2814 1664 2853 Sal-
