1921 3260
839 201 888 205 .-
951 176 1116 216 38-

226 299 413 339 vetatur‘?
447 301 577 351 ,moui
598 302 644 339 tu
670 300 775 339 laete
799 300 916 339 favos
939 301 980 339 et
1005 299 1094 338 miti
1116 298 1229 338 dilue
1255 295 1444 337 Baccho“
1462 296 1546 346 “*).
1578 295 1727 335 vinum

224 381 363 417 autem
387 377 526 417 Cereri
548 390 630 418 non
654 377 774 418 libari
795 377 939 418 debuit
966 377 1086 418 illum
1108 377 1176 417 vel
1202 375 1377 416 Plautus
1398 375 1560 426 docere,
1589 375 1663 428 qui
1684 375 1727 413 in

225 455 442 495 Aulularia
487 457 543 496 ait
585 455 888 508 „„Cererin““
931 457 1033 496 etc.“
1097 454 1232 504 Quem
1273 454 1528 494 refutaturus
1557 451 1728 493 Servius

225 535 274 575 ad
308 534 539 587 Georgicon
572 534 691 574 illum
724 534 862 575 locum
895 536 996 575 haee
1027 537 1158 575 notat:
1195 532 1489 587 „Supertluum
1512 534 1588 582 est,
1618 529 1728 584 quod

226 614 395 667 qnidam
428 613 586 666 dicunt,
617 617 758 653 contra
785 613 1033 667 religionem
1068 613 1228 653 dixisse
1246 611 1481 665 Vergilium
1511 609 1648 650 Cereri
1679 609 1730 649 de

226 693 324 732 vino
371 691 617 741 saerifieari3
674 691 934 744 pontificales
979 703 1161 744 namque
1202 691 1277 730 hoe
1315 703 1397 730 non
1441 691 1581 729 vetant
1621 687 1727 728 libri.

226 769 344 818 Quod
377 773 515 810 autem
544 771 600 810 ait
621 769 809 822 Plautus,
835 771 958 810 euius
980 770 1038 809 illi
1070 773 1246 809 utuntur
1273 768 1467 821 exemplo
1502 766 1730 819 ,mCererin

225 849 403 890 Strobile
442 849 611 902 nuptias
648 849 785 888 etc.““
828 861 910 887 non
952 852 1016 887 est
1054 848 1149 888 huic
1181 848 1268 888 loco
1300 848 1565 887 contrarium.
1623 845 1731 885 Nam

226 928 338 969 aliud
361 932 424 968 est
445 927 711 980 sacrificium,
742 927 854 967 aliud
880 928 1047 980 nuptias
1070 926 1230 967 Cereris
1253 925 1480 967 celebrare:
1511 927 1555 965 in
1577 923 1732 978 quibus

226 1022 270 1049 re
302 1021 402 1048 vera-
428 1008 576 1047 vinum
610 1006 799 1047 adhiberi
830 1007 949 1046 nefas
980 1006 1127 1057 fuerat,
1160 1018 1267 1058 quae
1299 1004 1393 1045 Orci
1425 1005 1594 1058 nuptiae
1623 1003 1735 1043 diee-

227 1087 390 1139 bantur,
435 1099 540 1139 quas
585 1086 821 1138 praeseutia
870 1099 946 1126 sua
990 1084 1208 1139 pontifices
1250 1085 1411 1138 ingenti
1454 1083 1734 1122 sollemnitate

226 1165 529 1206 celeb1·abant.“
593 1164 753 1205 Cereris
800 1166 927 1218 igitur
970 1167 1140 1217 nuptias
1178 1164 1290 1217 apud
1327 1161 1522 1203 Plautum
1561 1160 1732 1202 Servius

225 1245 430 1298 intellegit
465 1257 535 1284 eas
568 1256 675 1297 quae
707 1228 964 1284 sollemniter
993 1242 1088 1283 Orci
1120 1244 1204 1282 sint
1236 1242 1379 1282 dictae.
1443 1239 1578 1289 Quam
1608 1241 1734 1280 inter-

227 1325 502 1378 pretationem
534 1324 694 1376 accepit
720 1322 928 1363 Prellerus
962 1321 1149 1374 „Cereris
1182 1322 1374 1375 nuptias“
1409 1320 1518 1374 apud
1541 1319 1733 1360 Servium

228 1404 445 1456 explicans
488 1415 558 1443 eas
597 1415 701 1456 quas
737 1402 860 1442 Ceres
898 1406 1073 1442 exornet
1104 1404 1143 1442 et
1180 1401 1345 1453 „Cereri
1376 1401 1543 1454 nuptias
1572 1400 1732 1440 facere“

229 1483 340 1536 apud
368 1481 564 1522 Plautum
598 1482 708 1521 idem
739 1495 785 1522 ae
821 1481 1010 1534 „Cereris
1040 1482 1162 1521 iussu
1189 1485 1230 1521 et
1261 1483 1433 1533 sumptu
1455 1492 1526 1520 eas
1548 1481 1732 1534 parare“.

188 1617 194 1620 Δ
229 1562 319 1603 Hoc
358 1575 615 1615 quamquam
655 1574 736 1601 non
769 1566 852 1601 tam
882 1561 1035 1601 diserte
1067 1561 1321 1614 pronuntiat,
1359 1561 1564 1613 cogitasse
1594 1563 1735 1600 tamen

229 1641 351 1682 debet
397 1654 490 1682 cum
538 1642 615 1681 ait:
671 1640 834 1693 ⁷‚Selbst
870 1641 966 1681 eine
1004 1639 1210 1680 Hoehzeit
1250 1639 1323 1680 der
1362 1640 1486 1680 Ceres
1524 1639 1623 1679 oder
1662 1638 1736 1680 des

231 1721 362 1761 Oreus
393 1721 533 1760 wurde
566 1721 639 1759 init
668 1732 835 1773 grosser
857 1719 1146 1760 Feicrliclikeit
1181 1719 1267 1759 und
1291 1722 1412 1759 unter
1440 1718 1738 1772 Betheilignng

230 1802 302 1842 der
320 1800 545 1841 Pontifices
577 1799 836 1853 begangenf·
877 1824 926 1828 -—
961 1802 1001 1838 ct
1032 1800 1124 1841 adn.
1159 1800 1182 1838 2
1218 1798 1343 1844 „Man
1374 1798 1534 1838 seheint
1561 1798 1649 1838 sich
1670 1797 1737 1838 die

232 1882 358 1921 Ceres
397 1879 518 1920 (labei
556 1880 617 1919 als
647 1878 921 1932 Gastgebcrin
954 1878 1130 1933 gedaclit
1161 1892 1214 1918 zu
1246 1877 1422 1918 habenf·
1485 1877 1565 1918 Sed
1598 1881 1737 1918 errant

231 1960 352 2000 eredo
391 1964 430 1999 et
471 1960 644 1999 Servius
686 1963 726 1999 et
764 1957 988 2002 Prelleius,
1024 1970 1148 2011 quem
1187 1959 1338 2011 sugerit
1369 1958 1562 1997 Servium
1601 1969 1738 1997 errore

231 2041 339 2080 duci.
399 2038 481 2079 Hie
527 2039 640 2078 enini
680 2038 745 2077 vel
783 2039 875 2078 eius
916 2038 1023 2083 fons,
1064 2039 1161 2091 quia
1201 2050 1284 2078 non
1324 2036 1542 2091 ignorabat
1574 2039 1738 2076 veteres

232 2118 444 2160 Romanos
475 2118 585 2158 diem
618 2117 829 2171 quendam
860 2118 1010 2157 festum
1046 2117 1258 2169 habuisse,
1289 2130 1414 2171 quenl
1444 2116 1538 2157 Orci
1572 2117 1738 2170 nuptias

233 2197 434 2239 vtwabant
551 2198 748 2237 niniiruin
793 2202 909 2237 erant
955 2196 1141 2237 Plutonis
1182 2201 1221 2237 et
1255 2196 1528 2250 Proserpinae
1569 2197 1738 2250 nuptiae

231 2293 253 2317 a
286 2277 455 2317 Graecis
488 2275 754 2326 Tlieoeaniiis
792 2284 832 2315 et
870 2277 1205 2329 Anat-alypteriis
1237 2276 1466 2316 celebratae
1502 2301 1551 2305 -
1583 2276 1737 2329 cuique

234 2358 347 2397 netas
380 2362 465 2397 erat
495 2358 642 2396 vinum
675 2355 876 2398 adhiberi,
906 2356 1024 2395 taeile
1058 2357 1188 2409 potuit
1220 2357 1406 2395 animuin
1443 2355 1655 2398 inducero,
1695 2360 1738 2395 ut

231 2437 281 2477 ad
335 2450 405 2476 eas
450 2435 643 2476 Plautum
689 2439 852 2488 putaret
894 2435 1089 2475 alludere.
1160 2436 1253 2475 (lrei
1306 2441 1443 2475 autem
1492 2435 1657 2488 nuptias
1702 2435 1738 2474 si

231 2515 425 2556 credebat
474 2516 601 2555 altero
654 2517 823 2555 nornine
862 2516 1024 2555 t'erelis
1074 2517 1320 2568 nuncupari.
1371 2529 1472 2555 sano
1517 2515 1605 2555 tieri
1653 2528 1736 2555 non

234 2596 366 2648 potuit
419 2596 517 2647 quin
560 2597 750 2634 t'erervni
807 2594 884 2634 sihi
927 2595 1102 2647 tingeret
1152 2608 1241 2634 eain
1281 2608 1388 2647 quae
1437 2595 1602 2648 nuptias
1647 2595 1738 2648 ipsa

233 2678 391 2727 pararet
423 2679 547 2725 atque
573 2675 610 2713 in
641 2674 749 2713 lium¹
780 2674 947 2714 niodum
976 2673 1188 2714 Plautinos
1215 2687 1361 2714 versus
1387 2675 1736 2728 interpretaretur.

325 2844 358 2879 *J
387 2843 514 2881 (teum.
544 2843 569 2878 l,
597 2842 673 2875 314.
