1921 3260
174 283 319 336 eyeriwt
367 290 467 323 caste
515 299 624 324 suam
679 285 961 332 ('o·m·em‘m¹t‚“
1008 286 1167 325 nulla-m
1218 285 1442 325 admittunt
1497 287 1677 326 auctoris

176 361 491 403 dubitationem.

287 441 486 482 Consulto
531 442 654 482 omisi
706 441 840 482 adhue
886 454 1032 482 omnes
1080 442 1192 482 locos
1239 443 1394 496 quibus
1445 445 1577 496 mythi
1628 447 1678 486 de

175 519 346 560 deorum
381 522 464 561 vita
493 520 705 573 rebusque
737 522 867 574 gestis
899 520 1044 573 quales
1077 519 1224 560 Graeci
1261 525 1406 574 poetae
1445 525 1677 577 antiquitus

173 601 482 639 contexuerunt
510 600 619 653 apud
643 598 837 639 Plautum
861 603 1253 639 eommemorantur.
1308 602 1445 654 Atque
1469 603 1677 644 eiusmodi

177 677 339 719 fabulas
389 692 412 718 a
464 676 765 730 Romanorum,
815 677 971 731 quibus
1022 678 1218 718 deessent
1263 684 1423 731 poetae,
1475 681 1676 735 religione

177 769 350 810 prorsus
381 757 540 798 alienas
570 757 702 797 fuisse
733 757 806 796 vix
837 769 942 809 opus
975 760 1037 796 est
1068 756 1285 797 affirmare.
1340 758 1516 799 Etiamsi
1539 765 1675 801 autem

173 847 392 876 sumamus
449 835 558 876 haud
614 848 769 889 paucas
829 848 970 875 earum
1031 836 1331 876 eruditioribus
1390 837 1676 880 Romanorum

172 915 340 968 ipsique
363 914 508 955 Plauto
531 915 706 969 legendo
739 915 926 967 cognitas
948 914 1093 966 fuisse,
1116 916 1238 955 sicuti
1266 917 1422 956 seimus
1446 917 1675 970 Odyssean]

173 1007 197 1034 a
227 993 346 1033 Livio
379 993 620 1034 Andronico
659 995 702 1033 iu
731 993 927 1033 Latinum
969 1005 1203 1034 sermenem
1239 1008 1404 1035 versam
1439 997 1504 1036 vel
1535 999 1677 1050 pueris

174 1073 396 1114 lectitatam
432 1086 525 1114 esse
567 1074 611 1113 in
653 1073 821 1124 scholis,
857 1085 909 1112 ex
954 1073 1042 1126 ipsa
1074 1076 1212 1113 tamen
1246 1072 1437 1125 Odysseav
1468 1087 1676 1128 perpauca

172 1153 416 1193 invenimus
458 1152 568 1206 apud
605 1151 802 1192 Plautum
836 1152 1013 1191 deducta
1050 1151 1187 1204 (Epid.
1234 1152 1315 1192 604
1354 1166 1413 1206 sq.
1446 1152 1592 1194 Bacch.
1639 1158 1673 1195 ι’).

172 1232 253 1272 275
285 1222 345 1285 sq.
379 1232 502 1272 Stich.
535 1233 553 1271 1
588 1232 667 1284 sq.)
700 1244 797 1285 prae
830 1234 1086 1271 caeterarum
1122 1243 1226 1284 quas
1254 1232 1419 1285 stringit
1440 1231 1676 1274 fabularum

172 1310 441 1351 multitudine
473 1310 662 1350 indoctae
691 1309 803 1363 plebi
825 1309 933 1349 haud
958 1308 1083 1349 dubie
1106 1306 1318 1364 incognita
1338 1314 1463 1364 atque
1487 1311 1674 1353 obseura.

172 1388 290 1438 Quae
332 1402 431 1430 vero
472 1391 510 1430 ei
555 1402 681 1430 causa
723 1402 816 1429 esse
846 1390 992 1442 potuit⁷
1022 1402 1096 1429 cur
1125 1391 1166 1429 in
1199 1391 1499 1430 transferendis
1531 1392 1678 1432 Atticis

171 1468 413 1521 comoediis,
455 1481 563 1521 quae
606 1482 682 1522 per
721 1481 766 1509 se
802 1469 986 1521 repletae
1027 1474 1169 1509 essent
1204 1469 1329 1510 rebus
1371 1472 1678 1525 sententiisque

171 1547 376 1589 Romanis
407 1549 693 1600 alienissimis,
724 1561 778 1588 ex
810 1561 887 1588 sua
919 1548 1129 1588 literarum
1152 1548 1404 1590 Graecarum
1429 1552 1604 1591 scientia
1627 1577 1675 1580 -—

172 1629 207 1668 si
230 1641 357 1682 quam
381 1627 559 1669 habebat
672 1627 974 1681 spectatoribus
1005 1632 1234 1681 apponeret
1250 1630 1412 1670 Atticae
1444 1631 1676 1683 elegantiae

173 1707 471 1761 doctrinaeque
502 1707 661 1760 aliquot
690 1707 866 1748 frustula
897 1708 1043 1747 maiori
1074 1708 1249 1762 insuper
1277 1710 1381 1762 parti
1414 1723 1557 1750 eorum
1594 1724 1676 1750 non

173 1786 506 1840 concoquenda‘?
569 1785 753 1826 Fuerunt
783 1791 922 1827 autem
956 1788 1028 1840 qui
1059 1787 1294 1828 fabularum
1319 1790 1561 1830 memoriam
1585 1803 1675 1830 eam

173 1879 255 1920 qua
304 1866 609 1920 tragoediarum
667 1866 836 1920 parodia
893 1867 1097 1907 eontineri
1149 1868 1360 1908 videretur
1422 1870 1562 1913 (ouius
1616 1870 1676 1909 rei

173 1946 414 1999 exemplum
472 1945 634 1984 exstitit
682 1959 719 1999 p.
769 1947 838 1998 18)
889 1960 911 1986 a
968 1945 1172 1987 Romanis
1236 1946 1372 1988 Plauti
1437 1948 1675 2001 aequalium

172 2025 411 2079 tragoediis,
453 2037 579 2078 quam
608 2038 630 2064 a
662 2025 832 2065 Graecis
863 2026 1124 2079 palliatarum
1156 2026 1472 2079 exemplaribus
1506 2027 1679 2067 mallent

172 2108 369 2159 repetere.
431 2103 520 2144 Hos
561 2117 687 2157 quam
719 2109 874 2145 temere
906 2109 1078 2159 agerent
1111 2107 1359 2146 monstravit
1389 2105 1676 2161 Kiesslingius

173 2184 198 2224 l.
232 2197 263 2224 s.
289 2197 320 2224 s.
353 2187 409 2237 (p.
434 2186 459 2223 4
487 2188 527 2224 et
548 2183 628 2234 23).
661 2184 782 2223 cuius
806 2198 828 2224 e
852 2197 895 2224 re
917 2186 992 2224 erit
1012 2184 1111 2225 haec
1139 2186 1233 2238 ipsa
1258 2185 1385 2225 verba
1415 2185 1674 2226 adscribere:

175 2262 544 2316 ,‚Putabin1usne“,
583 2263 735 2315 inquit⁷
777 2262 952 2314 „Naevii
985 2262 1199 2317 Enniique
1240 2263 1403 2304 fabulas
1435 2268 1517 2304 tam
1550 2277 1675 2318 saepe

174 2346 284 2383 actas
337 2355 445 2395 esse,
497 2346 541 2382 ut
591 2346 631 2382 et
680 2341 816 2382 Plauti
870 2344 1095 2384 memoriae
1141 2342 1402 2396 singularum
1455 2356 1674 2384 scenarum

173 2426 419 2475 argumenta
459 2426 499 2461 et
535 2426 654 2462 acute
694 2421 801 2462 dieta
839 2428 1000 2475 praesto
1039 2434 1133 2462 esse
1176 2427 1216 2462 et
1247 2425 1501 2474 spectatores
1537 2423 1672 2462 statim

172 2501 318 2541 talium
339 2502 525 2541 iocorum
554 2501 776 2541 eonsilium
801 2514 1027 2555 agnoscere
1055 2503 1292 2555 potuerint?
1336 2502 1404 2540 An
1426 2502 1675 2554 tragicorum

171 2579 335 2620 fabulas
375 2580 511 2619 statim
554 2581 594 2619 in
637 2579 867 2633 legentium
905 2605 955 2609 -—
998 2584 1038 2621 at
1079 2593 1358 2634 quorumnam
1403 2581 1591 2633 quaese?
1623 2604 1674 2608 —

174 2660 370 2699 manibus
387 2664 573 2698 versatas
590 2671 684 2699 esse
705 2663 951 2702 statuemus,
974 2660 1044 2711 qui
1064 2661 1222 2699 seimus
1243 2658 1443 2712 quamdiu
1458 2657 1676 2698 Plautinae

173 2737 414 2779 comoediae
457 2738 498 2776 in
543 2738 830 2778 scaenicorum
874 2738 973 2778 solis
1003 2739 1168 2778 scriniis
1201 2738 1495 2778 delituerint?*‘
1559 2737 1674 2785 Quae

173 2830 268 2858 cum
301 2818 356 2857 ita
387 2817 483 2868 sint,
514 2816 603 2856 fieri
635 2828 805 2869 prorsus
837 2818 983 2869 nequit
1015 2818 1116 2870 quin
1149 2830 1296 2857 omnes
1325 2817 1437 2857 loces
1460 2813 1676 2854 Plautinos

1357 2899 1396 2931 3*
