<?xml version="1.0" encoding="UTF-8"?>
<!DOCTYPE html PUBLIC "-//W3C//DTD XHTML 1.0 Transitional//EN"
    "http://www.w3.org/TR/xhtml1/DTD/xhtml1-transitional.dtd">
<html xmlns="http://www.w3.org/1999/xhtml" xml:lang="en" lang="en">
 <head>
  <title>
</title>
<meta http-equiv="Content-Type" content="text/html;charset=utf-8" />
  <meta name='ocr-system' content='tesseract 3.04.00' />
  <meta name='ocr-capabilities' content='ocr_page ocr_carea ocr_par ocr_line ocrx_word'/>
</head>
<body>
  <div class='ocr_page' id='page_1' title='image "./quomodoplautusat00schuuoft_0009.png"; bbox 0 0 1956 3270; ppageno 0'>
   <div class='ocr_carea' id='block_1_1' title="bbox 159 1031 1676 2997">
    <p class='ocr_par' dir='ltr' id='par_1_1' title="bbox 159 1031 1676 2933">
     <span class='ocr_line' id='line_1_1' title="bbox 272 1031 1667 1111; baseline -0.004 -12"><span class='ocrx_word' id='word_1_1' title='bbox 272 1031 398 1102; x_wconf 80' lang='lat' dir='ltr'>Inter</span> <span class='ocrx_word' id='word_1_2' title='bbox 428 1071 574 1099; x_wconf 86' lang='lat' dir='ltr'>omnes</span> <span class='ocrx_word' id='word_1_3' title='bbox 606 1061 767 1099; x_wconf 85' lang='lat' dir='ltr'>constat</span> <span class='ocrx_word' id='word_1_4' title='bbox 789 1058 1049 1111; x_wconf 80' lang='lat' dir='ltr'>palliatarum</span> <span class='ocrx_word' id='word_1_5' title='bbox 1071 1060 1216 1110; x_wconf 87' lang='lat' dir='ltr'>poetas</span> <span class='ocrx_word' id='word_1_6' title='bbox 1241 1055 1398 1095; x_wconf 84' lang='lat' dir='ltr'>Graeca</span> <span class='ocrx_word' id='word_1_7' title='bbox 1420 1057 1667 1109; x_wconf 81' lang='lat' dir='ltr'>argumenta</span> 
     </span>
     <span class='ocr_line' id='line_1_2' title="bbox 160 1134 1668 1189; baseline -0.004 -9"><span class='ocrx_word' id='word_1_8' title='bbox 160 1153 257 1180; x_wconf 89' lang='lat' dir='ltr'>cum</span> <span class='ocrx_word' id='word_1_9' title='bbox 295 1152 348 1179; x_wconf 77' lang='lat' dir='ltr'>ex</span> <span class='ocrx_word' id='word_1_10' title='bbox 382 1138 552 1178; x_wconf 84' lang='lat' dir='ltr'>Graecis</span> <span class='ocrx_word' id='word_1_11' title='bbox 594 1138 746 1179; x_wconf 82' lang='lat' dir='ltr'>fabulis</span> <span class='ocrx_word' id='word_1_12' title='bbox 789 1142 830 1179; x_wconf 91' lang='lat' dir='ltr'>ot</span> <span class='ocrx_word' id='word_1_13' title='bbox 860 1137 1106 1178; x_wconf 74' lang='lat' dir='ltr'>inveniendi</span> <span class='ocrx_word' id='word_1_14' title='bbox 1138 1137 1279 1189; x_wconf 88' lang='lat' dir='ltr'>inopia</span> <span class='ocrx_word' id='word_1_15' title='bbox 1309 1137 1349 1174; x_wconf 90' lang='lat' dir='ltr'>et</span> <span class='ocrx_word' id='word_1_16' title='bbox 1381 1146 1528 1174; x_wconf 83' lang='lat' dir='ltr'>severa</span> <span class='ocrx_word' id='word_1_17' title='bbox 1558 1134 1668 1174; x_wconf 88' lang='lat' dir='ltr'>aedi-</span> 
     </span>
     <span class='ocr_line' id='line_1_3' title="bbox 160 1212 1668 1271; baseline -0.003 -13"><span class='ocrx_word' id='word_1_18' title='bbox 160 1219 264 1258; x_wconf 86' lang='lat' dir='ltr'>lium</span> <span class='ocrx_word' id='word_1_19' title='bbox 297 1229 478 1258; x_wconf 77' lang='lat' dir='ltr'>censura</span> <span class='ocrx_word' id='word_1_20' title='bbox 508 1218 638 1257; x_wconf 87' lang='lat' dir='ltr'>coacti</span> <span class='ocrx_word' id='word_1_21' title='bbox 660 1216 808 1257; x_wconf 80' lang='lat' dir='ltr'>Latine</span> <span class='ocrx_word' id='word_1_22' title='bbox 839 1219 1124 1271; x_wconf 73' lang='lat' dir='ltr'>exprimerent</span> <span class='ocrx_word' id='word_1_23' title='bbox 1157 1228 1240 1255; x_wconf 86' lang='lat' dir='ltr'>non</span> <span class='ocrx_word' id='word_1_24' title='bbox 1263 1215 1313 1254; x_wconf 87' lang='lat' dir='ltr'>ad</span> <span class='ocrx_word' id='word_1_25' title='bbox 1336 1212 1514 1253; x_wconf 84' lang='lat' dir='ltr'>verbum</span> <span class='ocrx_word' id='word_1_26' title='bbox 1535 1216 1668 1253; x_wconf 82' lang='lat' dir='ltr'>trans—</span> 
     </span>
     <span class='ocr_line' id='line_1_4' title="bbox 159 1292 1667 1349; baseline -0.004 -11"><span class='ocrx_word' id='word_1_27' title='bbox 159 1299 321 1348; x_wconf 77' lang='lat' dir='ltr'>tulisse,</span> <span class='ocrx_word' id='word_1_28' title='bbox 357 1297 429 1337; x_wconf 88' lang='lat' dir='ltr'>sed</span> <span class='ocrx_word' id='word_1_29' title='bbox 462 1297 800 1337; x_wconf 80' lang='lat' dir='ltr'>accommodasse</span> <span class='ocrx_word' id='word_1_30' title='bbox 833 1296 1013 1349; x_wconf 84' lang='lat' dir='ltr'>quodam</span> <span class='ocrx_word' id='word_1_31' title='bbox 1046 1295 1169 1335; x_wconf 93' lang='lat' dir='ltr'>modo</span> <span class='ocrx_word' id='word_1_32' title='bbox 1203 1292 1496 1334; x_wconf 84' lang='lat' dir='ltr'>incultioribus</span> <span class='ocrx_word' id='word_1_33' title='bbox 1527 1293 1667 1346; x_wconf 87' lang='lat' dir='ltr'>populi</span> 
     </span>
     <span class='ocr_line' id='line_1_5' title="bbox 160 1373 1668 1428; baseline -0.005 -10"><span class='ocrx_word' id='word_1_34' title='bbox 160 1377 315 1418; x_wconf 84' lang='lat' dir='ltr'>animis</span> <span class='ocrx_word' id='word_1_35' title='bbox 347 1379 387 1416; x_wconf 88' lang='lat' dir='ltr'>et</span> <span class='ocrx_word' id='word_1_36' title='bbox 416 1376 617 1428; x_wconf 37' lang='lat' dir='ltr'>moribus</span> <span class='ocrx_word' id='word_1_37' title='bbox 649 1377 703 1416; x_wconf 84' lang='lat' dir='ltr'>ita</span> <span class='ocrx_word' id='word_1_38' title='bbox 735 1381 779 1416; x_wconf 84' lang='lat' dir='ltr'>ut</span> <span class='ocrx_word' id='word_1_39' title='bbox 808 1379 878 1416; x_wconf 85' lang='lat' dir='ltr'>aut</span> <span class='ocrx_word' id='word_1_40' title='bbox 903 1374 1115 1416; x_wconf 83' lang='lat' dir='ltr'>Romanas</span> <span class='ocrx_word' id='word_1_41' title='bbox 1146 1386 1212 1414; x_wconf 88' lang='lat' dir='ltr'>res</span> <span class='ocrx_word' id='word_1_42' title='bbox 1242 1386 1316 1426; x_wconf 86' lang='lat' dir='ltr'>pro</span> <span class='ocrx_word' id='word_1_43' title='bbox 1340 1373 1510 1413; x_wconf 83' lang='lat' dir='ltr'>Graecis</span> <span class='ocrx_word' id='word_1_44' title='bbox 1543 1384 1668 1426; x_wconf 89' lang='lat' dir='ltr'>pono-</span> 
     </span>
     <span class='ocr_line' id='line_1_6' title="bbox 159 1451 1664 1508; baseline -0.004 -11"><span class='ocrx_word' id='word_1_45' title='bbox 159 1459 253 1497; x_wconf 88' lang='lat' dir='ltr'>rent</span> <span class='ocrx_word' id='word_1_46' title='bbox 283 1460 354 1497; x_wconf 85' lang='lat' dir='ltr'>aut</span> <span class='ocrx_word' id='word_1_47' title='bbox 383 1469 436 1497; x_wconf 80' lang='lat' dir='ltr'>ex</span> <span class='ocrx_word' id='word_1_48' title='bbox 469 1468 545 1496; x_wconf 86' lang='lat' dir='ltr'>suo</span> <span class='ocrx_word' id='word_1_49' title='bbox 578 1456 749 1508; x_wconf 77' lang='lat' dir='ltr'>ingenio</span> <span class='ocrx_word' id='word_1_50' title='bbox 781 1457 852 1508; x_wconf 81' lang='lat' dir='ltr'>qui</span> <span class='ocrx_word' id='word_1_51' title='bbox 884 1456 1036 1495; x_wconf 76' lang='lat' dir='ltr'>crassis</span> <span class='ocrx_word' id='word_1_52' title='bbox 1069 1452 1332 1507; x_wconf 81' lang='lat' dir='ltr'>popularium</span> <span class='ocrx_word' id='word_1_53' title='bbox 1357 1451 1529 1492; x_wconf 83' lang='lat' dir='ltr'>auribus</span> <span class='ocrx_word' id='word_1_54' title='bbox 1554 1451 1664 1491; x_wconf 87' lang='lat' dir='ltr'>blan·</span> 
     </span>
     <span class='ocr_line' id='line_1_7' title="bbox 162 1530 1668 1576; baseline -0.005 0"><span class='ocrx_word' id='word_1_55' title='bbox 162 1536 351 1576; x_wconf 87' lang='lat' dir='ltr'>direutur</span> <span class='ocrx_word' id='word_1_56' title='bbox 378 1536 491 1575; x_wconf 87' lang='lat' dir='ltr'>iocos</span> <span class='ocrx_word' id='word_1_57' title='bbox 524 1536 565 1574; x_wconf 91' lang='lat' dir='ltr'>et</span> <span class='ocrx_word' id='word_1_58' title='bbox 592 1534 761 1574; x_wconf 76' lang='lat' dir='ltr'>facetias</span> <span class='ocrx_word' id='word_1_59' title='bbox 793 1533 1027 1574; x_wconf 71' lang='lat' dir='ltr'>tabularum</span> <span class='ocrx_word' id='word_1_60' title='bbox 1051 1532 1267 1573; x_wconf 77' lang='lat' dir='ltr'>contextui</span> <span class='ocrx_word' id='word_1_61' title='bbox 1291 1531 1535 1570; x_wconf 85' lang='lat' dir='ltr'>insererent.</span> <span class='ocrx_word' id='word_1_62' title='bbox 1588 1530 1668 1570; x_wconf 79' lang='lat' dir='ltr'>Sed</span> 
     </span>
     <span class='ocr_line' id='line_1_8' title="bbox 163 1609 1671 1668; baseline -0.003 -13"><span class='ocrx_word' id='word_1_63' title='bbox 163 1619 373 1668; x_wconf 78' lang='lat' dir='ltr'>quatenus</span> <span class='ocrx_word' id='word_1_64' title='bbox 412 1626 635 1667; x_wconf 84' lang='lat' dir='ltr'>progressa</span> <span class='ocrx_word' id='word_1_65' title='bbox 670 1614 723 1652; x_wconf 84' lang='lat' dir='ltr'>sit</span> <span class='ocrx_word' id='word_1_66' title='bbox 755 1614 797 1652; x_wconf 91' lang='lat' dir='ltr'>in</span> <span class='ocrx_word' id='word_1_67' title='bbox 829 1612 1022 1666; x_wconf 76' lang='lat' dir='ltr'>palliatis,</span> <span class='ocrx_word' id='word_1_68' title='bbox 1066 1612 1258 1664; x_wconf 77' lang='lat' dir='ltr'>inprimis</span> <span class='ocrx_word' id='word_1_69' title='bbox 1291 1609 1498 1649; x_wconf 77' lang='lat' dir='ltr'>Plautinis</span> <span class='ocrx_word' id='word_1_70' title='bbox 1531 1612 1671 1662; x_wconf 87' lang='lat' dir='ltr'>utpote</span> 
     </span>
     <span class='ocr_line' id='line_1_9' title="bbox 161 1684 1670 1747; baseline -0.004 -13"><span class='ocrx_word' id='word_1_71' title='bbox 161 1693 424 1747; x_wconf 85' lang='lat' dir='ltr'>amplissimo</span> <span class='ocrx_word' id='word_1_72' title='bbox 469 1697 509 1733; x_wconf 87' lang='lat' dir='ltr'>et</span> <span class='ocrx_word' id='word_1_73' title='bbox 552 1684 697 1746; x_wconf 83' lang='lat' dir='ltr'>paucis</span> <span class='ocrx_word' id='word_1_74' title='bbox 745 1693 934 1745; x_wconf 78' lang='lat' dir='ltr'>exceptis</span> <span class='ocrx_word' id='word_1_75' title='bbox 978 1691 1266 1731; x_wconf 80' lang='lat' dir='ltr'>vetustissimo</span> <span class='ocrx_word' id='word_1_76' title='bbox 1305 1688 1522 1729; x_wconf 79' lang='lat' dir='ltr'>Romanae</span> <span class='ocrx_word' id='word_1_77' title='bbox 1562 1689 1670 1728; x_wconf 77' lang='lat' dir='ltr'>vitae</span> 
     </span>
     <span class='ocr_line' id='line_1_10' title="bbox 163 1767 1671 1823; baseline -0.003 -10"><span class='ocrx_word' id='word_1_78' title='bbox 163 1776 458 1823; x_wconf 77' lang='lat' dir='ltr'>monumento,</span> <span class='ocrx_word' id='word_1_79' title='bbox 503 1773 665 1812; x_wconf 80' lang='lat' dir='ltr'>Atticae</span> <span class='ocrx_word' id='word_1_80' title='bbox 711 1771 953 1810; x_wconf 83' lang='lat' dir='ltr'>comoediae</span> <span class='ocrx_word' id='word_1_81' title='bbox 1001 1774 1072 1810; x_wconf 83' lang='lat' dir='ltr'>aut</span> <span class='ocrx_word' id='word_1_82' title='bbox 1116 1768 1321 1809; x_wconf 88' lang='lat' dir='ltr'>demendo</span> <span class='ocrx_word' id='word_1_83' title='bbox 1366 1771 1437 1807; x_wconf 87' lang='lat' dir='ltr'>aut</span> <span class='ocrx_word' id='word_1_84' title='bbox 1481 1767 1671 1813; x_wconf 85' lang='lat' dir='ltr'>addendo</span> 
     </span>
     <span class='ocr_line' id='line_1_11' title="bbox 162 1847 1672 1903; baseline -0.004 -11"><span class='ocrx_word' id='word_1_85' title='bbox 162 1853 396 1892; x_wconf 81' lang='lat' dir='ltr'>immutatio</span> <span class='ocrx_word' id='word_1_86' title='bbox 438 1852 778 1903; x_wconf 80' lang='lat' dir='ltr'>Graecorumque</span> <span class='ocrx_word' id='word_1_87' title='bbox 830 1863 993 1890; x_wconf 88' lang='lat' dir='ltr'>morum</span> <span class='ocrx_word' id='word_1_88' title='bbox 1035 1862 1129 1889; x_wconf 82' lang='lat' dir='ltr'>cum</span> <span class='ocrx_word' id='word_1_89' title='bbox 1172 1847 1375 1887; x_wconf 79' lang='lat' dir='ltr'>Romanis</span> <span class='ocrx_word' id='word_1_90' title='bbox 1414 1848 1672 1898; x_wconf 74' lang='lat' dir='ltr'>commixtio,</span> 
     </span>
     <span class='ocr_line' id='line_1_12' title="bbox 164 1927 1672 1985; baseline -0.004 -14"><span class='ocrx_word' id='word_1_91' title='bbox 164 1932 354 1985; x_wconf 85' lang='lat' dir='ltr'>quaestio</span> <span class='ocrx_word' id='word_1_92' title='bbox 395 1935 459 1971; x_wconf 85' lang='lat' dir='ltr'>est</span> <span class='ocrx_word' id='word_1_93' title='bbox 491 1935 535 1972; x_wconf 86' lang='lat' dir='ltr'>ut</span> <span class='ocrx_word' id='word_1_94' title='bbox 564 1931 614 1971; x_wconf 89' lang='lat' dir='ltr'>ad</span> <span class='ocrx_word' id='word_1_95' title='bbox 648 1931 878 1970; x_wconf 85' lang='lat' dir='ltr'>litterarum</span> <span class='ocrx_word' id='word_1_96' title='bbox 914 1929 1130 1969; x_wconf 73' lang='lat' dir='ltr'>historiam</span> <span class='ocrx_word' id='word_1_97' title='bbox 1161 1931 1201 1968; x_wconf 92' lang='lat' dir='ltr'>ct</span> <span class='ocrx_word' id='word_1_98' title='bbox 1231 1927 1281 1968; x_wconf 82' lang='lat' dir='ltr'>ad</span> <span class='ocrx_word' id='word_1_99' title='bbox 1312 1939 1451 1967; x_wconf 85' lang='lat' dir='ltr'>rerum</span> <span class='ocrx_word' id='word_1_100' title='bbox 1483 1927 1672 1979; x_wconf 85' lang='lat' dir='ltr'>antiqua-</span> 
     </span>
     <span class='ocr_line' id='line_1_13' title="bbox 163 2006 1673 2064; baseline -0.005 -13"><span class='ocrx_word' id='word_1_101' title='bbox 163 2024 257 2051; x_wconf 87' lang='lat' dir='ltr'>rum</span> <span class='ocrx_word' id='word_1_102' title='bbox 299 2011 583 2064; x_wconf 81' lang='lat' dir='ltr'>cognitionem</span> <span class='ocrx_word' id='word_1_103' title='bbox 627 2009 876 2057; x_wconf 65' lang='lat' dir='ltr'>necessaria,</span> <span class='ocrx_word' id='word_1_104' title='bbox 917 2010 976 2048; x_wconf 90' lang='lat' dir='ltr'>sic</span> <span class='ocrx_word' id='word_1_105' title='bbox 1017 2021 1152 2061; x_wconf 85' lang='lat' dir='ltr'>usque</span> <span class='ocrx_word' id='word_1_106' title='bbox 1193 2007 1243 2047; x_wconf 84' lang='lat' dir='ltr'>ad</span> <span class='ocrx_word' id='word_1_107' title='bbox 1286 2007 1399 2046; x_wconf 87' lang='lat' dir='ltr'>hunc</span> <span class='ocrx_word' id='word_1_108' title='bbox 1429 2006 1555 2058; x_wconf 83' lang='lat' dir='ltr'>diem,</span> <span class='ocrx_word' id='word_1_109' title='bbox 1594 2007 1673 2045; x_wconf 85' lang='lat' dir='ltr'>etsi</span> 
     </span>
     <span class='ocr_line' id='line_1_14' title="bbox 163 2082 1672 2141; baseline -0.002 -12"><span class='ocrx_word' id='word_1_110' title='bbox 163 2082 354 2130; x_wconf 84' lang='lat' dir='ltr'>instituta</span> <span class='ocrx_word' id='word_1_111' title='bbox 385 2104 407 2129; x_wconf 86' lang='lat' dir='ltr'>a</span> <span class='ocrx_word' id='word_1_112' title='bbox 438 2089 595 2140; x_wconf 77' lang='lat' dir='ltr'>multis,</span> <span class='ocrx_word' id='word_1_113' title='bbox 628 2101 711 2129; x_wconf 88' lang='lat' dir='ltr'>non</span> <span class='ocrx_word' id='word_1_114' title='bbox 744 2088 965 2141; x_wconf 81' lang='lat' dir='ltr'>persoluta.</span> <span class='ocrx_word' id='word_1_115' title='bbox 1030 2086 1149 2135; x_wconf 82' lang='lat' dir='ltr'>Quod</span> <span class='ocrx_word' id='word_1_116' title='bbox 1182 2088 1350 2139; x_wconf 85' lang='lat' dir='ltr'>apparet</span> <span class='ocrx_word' id='word_1_117' title='bbox 1371 2086 1490 2126; x_wconf 83' lang='lat' dir='ltr'>facile</span> <span class='ocrx_word' id='word_1_118' title='bbox 1513 2087 1672 2126; x_wconf 86' lang='lat' dir='ltr'>collatis</span> 
     </span>
     <span class='ocr_line' id='line_1_15' title="bbox 165 2166 1672 2221; baseline -0.003 -13"><span class='ocrx_word' id='word_1_119' title='bbox 165 2181 310 2208; x_wconf 88' lang='lat' dir='ltr'>eorum</span> <span class='ocrx_word' id='word_1_120' title='bbox 351 2169 422 2221; x_wconf 87' lang='lat' dir='ltr'>qui</span> <span class='ocrx_word' id='word_1_121' title='bbox 454 2168 504 2208; x_wconf 88' lang='lat' dir='ltr'>de</span> <span class='ocrx_word' id='word_1_122' title='bbox 535 2181 583 2208; x_wconf 83' lang='lat' dir='ltr'>ea</span> <span class='ocrx_word' id='word_1_123' title='bbox 613 2181 656 2207; x_wconf 88' lang='lat' dir='ltr'>re</span> <span class='ocrx_word' id='word_1_124' title='bbox 689 2169 778 2207; x_wconf 81' lang='lat' dir='ltr'>sive</span> <span class='ocrx_word' id='word_1_125' title='bbox 812 2180 864 2206; x_wconf 75' lang='lat' dir='ltr'>cx</span> <span class='ocrx_word' id='word_1_126' title='bbox 898 2166 1064 2219; x_wconf 82' lang='lat' dir='ltr'>legendi</span> <span class='ocrx_word' id='word_1_127' title='bbox 1097 2180 1175 2207; x_wconf 84' lang='lat' dir='ltr'>usu</span> <span class='ocrx_word' id='word_1_128' title='bbox 1209 2167 1300 2206; x_wconf 76' lang='lat' dir='ltr'>sive</span> <span class='ocrx_word' id='word_1_129' title='bbox 1332 2179 1385 2206; x_wconf 82' lang='lat' dir='ltr'>ex</span> <span class='ocrx_word' id='word_1_130' title='bbox 1418 2166 1672 2205; x_wconf 60' lang='lat' dir='ltr'>accuratiore</span> 
     </span>
     <span class='ocr_line' id='line_1_16' title="bbox 167 2244 1672 2299; baseline -0.003 -11"><span class='ocrx_word' id='word_1_131' title='bbox 167 2247 304 2288; x_wconf 85' lang='lat' dir='ltr'>studio</span> <span class='ocrx_word' id='word_1_132' title='bbox 349 2247 552 2287; x_wconf 86' lang='lat' dir='ltr'>iudicium</span> <span class='ocrx_word' id='word_1_133' title='bbox 597 2248 787 2287; x_wconf 75' lang='lat' dir='ltr'>fecerunt</span> <span class='ocrx_word' id='word_1_134' title='bbox 835 2248 1068 2286; x_wconf 78' lang='lat' dir='ltr'>sententiis.</span> <span class='ocrx_word' id='word_1_135' title='bbox 1141 2245 1248 2286; x_wconf 83' lang='lat' dir='ltr'>Nam</span> <span class='ocrx_word' id='word_1_136' title='bbox 1290 2258 1436 2299; x_wconf 87' lang='lat' dir='ltr'>parum</span> <span class='ocrx_word' id='word_1_137' title='bbox 1477 2244 1672 2284; x_wconf 85' lang='lat' dir='ltr'>Plautum</span> 
     </span>
     <span class='ocr_line' id='line_1_17' title="bbox 166 2324 1676 2368; baseline -0.003 -1"><span class='ocrx_word' id='word_1_138' title='bbox 166 2326 318 2368; x_wconf 82' lang='lat' dir='ltr'>debere</span> <span class='ocrx_word' id='word_1_139' title='bbox 342 2326 595 2367; x_wconf 82' lang='lat' dir='ltr'>Graecorum</span> <span class='ocrx_word' id='word_1_140' title='bbox 630 2327 848 2366; x_wconf 84' lang='lat' dir='ltr'>imitationi</span> <span class='ocrx_word' id='word_1_141' title='bbox 881 2324 1053 2366; x_wconf 80' lang='lat' dir='ltr'>Rostius</span> <span class='ocrx_word' id='word_1_142' title='bbox 1077 2328 1219 2366; x_wconf 85' lang='lat' dir='ltr'>statuit</span> <span class='ocrx_word' id='word_1_143' title='bbox 1242 2327 1282 2366; x_wconf 88' lang='lat' dir='ltr'>in</span> <span class='ocrx_word' id='word_1_144' title='bbox 1307 2324 1676 2365; x_wconf 83' lang='lat' dir='ltr'>dissertatiuncula</span> 
     </span>
     <span class='ocr_line' id='line_1_18' title="bbox 169 2404 1675 2458; baseline -0.001 -13"><span class='ocrx_word' id='word_1_145' title='bbox 169 2406 246 2458; x_wconf 81' lang='lat' dir='ltr'>„de</span> <span class='ocrx_word' id='word_1_146' title='bbox 278 2404 413 2446; x_wconf 85' lang='lat' dir='ltr'>Plauti</span> <span class='ocrx_word' id='word_1_147' title='bbox 445 2406 688 2446; x_wconf 87' lang='lat' dir='ltr'>auctoritate</span> <span class='ocrx_word' id='word_1_148' title='bbox 717 2405 767 2445; x_wconf 85' lang='lat' dir='ltr'>ad</span> <span class='ocrx_word' id='word_1_149' title='bbox 798 2405 1031 2445; x_wconf 65' lang='lat' dir='ltr'>faciendam</span> <span class='ocrx_word' id='word_1_150' title='bbox 1053 2419 1193 2446; x_wconf 87' lang='lat' dir='ltr'>rernm</span> <span class='ocrx_word' id='word_1_151' title='bbox 1217 2407 1484 2458; x_wconf 80' lang='lat' dir='ltr'>antiquarum</span> <span class='ocrx_word' id='word_1_152' title='bbox 1507 2404 1675 2455; x_wconf 75' lang='lat' dir='ltr'>fidom“‚</span> 
     </span>
     <span class='ocr_line' id='line_1_19' title="bbox 168 2483 1675 2538; baseline -0.003 -13"><span class='ocrx_word' id='word_1_153' title='bbox 168 2484 322 2538; x_wconf 89' lang='lat' dir='ltr'>Opusc.</span> <span class='ocrx_word' id='word_1_154' title='bbox 362 2483 494 2525; x_wconf 86' lang='lat' dir='ltr'>Plaut.</span> <span class='ocrx_word' id='word_1_155' title='bbox 534 2498 571 2538; x_wconf 90' lang='lat' dir='ltr'>p.</span> <span class='ocrx_word' id='word_1_156' title='bbox 604 2486 642 2537; x_wconf 84' lang='lat'>9,</span> <span class='ocrx_word' id='word_1_157' title='bbox 686 2498 839 2538; x_wconf 83' lang='lat' dir='ltr'>magna</span> <span class='ocrx_word' id='word_1_158' title='bbox 880 2497 976 2524; x_wconf 89' lang='lat' dir='ltr'>eum</span> <span class='ocrx_word' id='word_1_159' title='bbox 1025 2484 1191 2525; x_wconf 78' lang='lat' dir='ltr'>licentia</span> <span class='ocrx_word' id='word_1_160' title='bbox 1236 2485 1371 2524; x_wconf 79' lang='lat' dir='ltr'>Attica</span> <span class='ocrx_word' id='word_1_161' title='bbox 1417 2483 1675 2536; x_wconf 79' lang='lat' dir='ltr'>exemplaria</span> 
     </span>
     <span class='ocr_line' id='line_1_20' title="bbox 167 2561 1674 2618; baseline -0.003 -14"><span class='ocrx_word' id='word_1_162' title='bbox 167 2564 431 2605; x_wconf 78' lang='lat' dir='ltr'>transtulisse</span> <span class='ocrx_word' id='word_1_163' title='bbox 462 2561 717 2604; x_wconf 79' lang='lat' dir='ltr'>Ritschelius</span> <span class='ocrx_word' id='word_1_164' title='bbox 751 2562 912 2616; x_wconf 72' lang='lat' dir='ltr'>Pal-erg.</span> <span class='ocrx_word' id='word_1_165' title='bbox 947 2562 1076 2603; x_wconf 84' lang='lat' dir='ltr'>l&#39;laut.</span> <span class='ocrx_word' id='word_1_166' title='bbox 1112 2578 1148 2618; x_wconf 89' lang='lat' dir='ltr'>p.</span> <span class='ocrx_word' id='word_1_167' title='bbox 1183 2565 1278 2617; x_wconf 64' lang='lat'>277,</span> <span class='ocrx_word' id='word_1_168' title='bbox 1321 2563 1392 2603; x_wconf 85' lang='lat' dir='ltr'>sed</span> <span class='ocrx_word' id='word_1_169' title='bbox 1432 2563 1674 2615; x_wconf 80' lang='lat' dir='ltr'>diligentius</span> 
     </span>
     <span class='ocr_line' id='line_1_21' title="bbox 170 2641 1671 2697; baseline -0.002 -14"><span class='ocrx_word' id='word_1_170' title='bbox 170 2645 211 2683; x_wconf 90' lang='lat' dir='ltr'>in</span> <span class='ocrx_word' id='word_1_171' title='bbox 243 2656 331 2683; x_wconf 86' lang='lat' dir='ltr'>rem</span> <span class='ocrx_word' id='word_1_172' title='bbox 364 2644 576 2696; x_wconf 83' lang='lat' dir='ltr'>inquirere</span> <span class='ocrx_word' id='word_1_173' title='bbox 609 2647 784 2696; x_wconf 83' lang='lat' dir='ltr'>uterque</span> <span class='ocrx_word' id='word_1_174' title='bbox 817 2644 1064 2697; x_wconf 71' lang='lat' dir='ltr'>supersedit.</span> <span class='ocrx_word' id='word_1_175' title='bbox 1128 2644 1246 2691; x_wconf 78' lang='lat' dir='ltr'>Quod</span> <span class='ocrx_word' id='word_1_176' title='bbox 1281 2644 1493 2696; x_wconf 82' lang='lat' dir='ltr'>professus</span> <span class='ocrx_word' id='word_1_177' title='bbox 1527 2641 1589 2680; x_wconf 88' lang='lat' dir='ltr'>W.</span> <span class='ocrx_word' id='word_1_178' title='bbox 1623 2643 1671 2681; x_wconf 80' lang='lat' dir='ltr'>A.</span> 
     </span>
     <span class='ocr_line' id='line_1_22' title="bbox 169 2721 1675 2773; baseline -0.001 -11"><span class='ocrx_word' id='word_1_179' title='bbox 169 2721 383 2762; x_wconf 86' lang='lat' dir='ltr'>Beckerus</span> <span class='ocrx_word' id='word_1_180' title='bbox 424 2723 466 2761; x_wconf 87' lang='lat' dir='ltr'>in</span> <span class='ocrx_word' id='word_1_181' title='bbox 506 2721 634 2762; x_wconf 89' lang='lat' dir='ltr'>libelli</span> <span class='ocrx_word' id='word_1_182' title='bbox 676 2723 750 2773; x_wconf 79' lang='lat' dir='ltr'>„dc</span> <span class='ocrx_word' id='word_1_183' title='bbox 781 2724 951 2763; x_wconf 84' lang='lat' dir='ltr'>comicis</span> <span class='ocrx_word' id='word_1_184' title='bbox 984 2721 1270 2762; x_wconf 81' lang='lat' dir='ltr'>Romanorum</span> <span class='ocrx_word' id='word_1_185' title='bbox 1306 2721 1457 2762; x_wconf 76' lang='lat' dir='ltr'>fabulis</span> <span class='ocrx_word' id='word_1_186' title='bbox 1491 2722 1675 2761; x_wconf 82' lang='lat' dir='ltr'>maxime</span> 
     </span>
     <span class='ocr_line' id='line_1_23' title="bbox 169 2799 1675 2855; baseline -0.001 -13"><span class='ocrx_word' id='word_1_187' title='bbox 169 2799 376 2842; x_wconf 79' lang='lat' dir='ltr'>Plautinis</span> <span class='ocrx_word' id='word_1_188' title='bbox 420 2802 732 2854; x_wconf 73' lang='lat' dir='ltr'>quaestiones·²,v</span> <span class='ocrx_word' id='word_1_189' title='bbox 779 2801 889 2855; x_wconf 83' lang='lat' dir='ltr'>Lips.</span> <span class='ocrx_word' id='word_1_190' title='bbox 931 2803 1052 2843; x_wconf 66' lang='lat'>1837.</span> <span class='ocrx_word' id='word_1_191' title='bbox 1098 2802 1222 2842; x_wconf 86' lang='lat' dir='ltr'>altera</span> <span class='ocrx_word' id='word_1_192' title='bbox 1269 2808 1382 2855; x_wconf 83' lang='lat' dir='ltr'>parte</span> <span class='ocrx_word' id='word_1_193' title='bbox 1430 2801 1675 2854; x_wconf 69' lang='lat' dir='ltr'>„vindiciae</span> 
     </span>
     <span class='ocr_line' id='line_1_24' title="bbox 169 2879 1676 2933; baseline -0.001 -13"><span class='ocrx_word' id='word_1_194' title='bbox 169 2879 413 2921; x_wconf 80' lang='lat' dir='ltr'>Plautinae“</span> <span class='ocrx_word' id='word_1_195' title='bbox 447 2880 647 2933; x_wconf 86' lang='lat' dir='ltr'>inscripta</span> <span class='ocrx_word' id='word_1_196' title='bbox 678 2881 804 2921; x_wconf 88' lang='lat' dir='ltr'>nimis</span> <span class='ocrx_word' id='word_1_197' title='bbox 839 2880 974 2921; x_wconf 86' lang='lat' dir='ltr'>Plauti</span> <span class='ocrx_word' id='word_1_198' title='bbox 1006 2895 1029 2921; x_wconf 90' lang='lat' dir='ltr'>a</span> <span class='ocrx_word' id='word_1_199' title='bbox 1060 2883 1226 2922; x_wconf 81' lang='lat' dir='ltr'>servilis</span> <span class='ocrx_word' id='word_1_200' title='bbox 1259 2884 1511 2922; x_wconf 77' lang='lat' dir='ltr'>Graecorum</span> <span class='ocrx_word' id='word_1_201' title='bbox 1543 2881 1676 2919; x_wconf 78' lang='lat' dir='ltr'>imita-</span> 
     </span>
    </p>

    <p class='ocr_par' dir='ltr' id='par_1_2' title="bbox 1379 2965 1393 2997">
     <span class='ocr_line' id='line_1_25' title="bbox 1379 2965 1393 2997; baseline 0 0"><span class='ocrx_word' id='word_1_202' title='bbox 1379 2965 1393 2997; x_wconf 90' lang='grc'><strong>1</strong></span> 
     </span>
    </p>
   </div>
  </div>
 </body>
</html>
