1921 3260
858 193 1108 232 -4-

228 315 315 353 tare
346 313 450 352 mihi
480 314 695 366 proposui,
735 314 809 366 qui
839 315 1046 367 quantum
1077 316 1216 367 egeret
1247 326 1356 354 nova
1387 315 1512 367 atque
1544 315 1737 354 accurata.

228 390 505 443 inquisitione
544 391 889 433 antecedentibus
931 394 1032 433 satis
1062 393 1208 433 videor
1238 392 1340 432 mihi
1368 394 1733 432 commonstrasse.

229 470 414 522 Apparet
457 472 613 521 autem,
655 469 856 523 quoniam
900 471 1062 511 mediae
1100 483 1320 524 novaeque
1362 470 1602 511 comoediae
1639 483 1734 510 cum

231 549 368 588 omnis
406 550 496 588 tum
534 547 627 588 eius
667 560 775 602 quae
811 548 960 590 Plauto
1002 550 1199 603 exemplo
1238 550 1317 590 fuit
1348 549 1572 590 admodum
1603 562 1734 603 pauca

229 628 442 681 exiliaque
472 630 648 668 aetatem
678 628 810 668 tulere
842 630 1086 683 fragmenta,
1115 631 1158 669 in
1189 629 1481 669 constituenda
1509 628 1622 669 illius
1645 642 1736 669 ver-

228 706 343 746 tendi
382 707 542 747 ratione
579 709 635 748 ita
665 707 788 748 nobis
816 708 1131 762 procedendum
1162 719 1270 752 esse,
1309 710 1352 747 ut
1380 707 1480 760 quid
1506 709 1550 748 in
1583 707 1736 748 fabulis

227 785 387 826 Latinis
419 786 469 826 ad
502 786 718 839 Graecam,
761 787 861 840 quid
891 788 943 828 ad
973 786 1208 828 Romanam
1241 787 1589 828 consuetudinem
1632 787 1736 827 refe-

228 865 406 906 rendum
451 866 517 919 sit,
561 867 805 920 compositis
844 870 969 920 atque
1009 867 1239 908 aestimatis
1280 865 1477 906 omnibus
1509 866 1560 906 de
1590 862 1733 906 eadem

227 958 271 985 re
307 946 560 985 testimoniis
593 945 818 999 diligenter
847 946 1148 986 discernamus.
1211 947 1351 998 Atque-
1379 944 1535 986 Graeca
1566 945 1735 999 quidem

229 1023 425 1065 Plautum
458 1025 628 1066 Graecis
660 1026 796 1078 poetis
828 1024 979 1065 debere
1010 1038 1085 1078 per
1116 1037 1161 1064 se
1192 1024 1349 1078 liquet:
1383 1028 1525 1065 eontra
1545 1023 1738 1065 Romana

228 1118 252 1144 a
283 1103 452 1145 barbaro
484 1108 607 1158 poeta
642 1106 816 1145 inventa
846 1116 940 1145 esse
974 1117 1058 1144 non
1090 1105 1146 1144 ita
1175 1107 1358 1153 constat3
1395 1117 1492 1144 nam
1524 1105 1606 1144 nisi
1634 1103 1736 1144 forte

228 1197 374 1225 eorum
417 1185 508 1226 loco
545 1184 682 1224 simile
723 1183 881 1237 aliquid
922 1185 966 1224 in
1011 1183 1323 1237 exemplaribus
1359 1184 1530 1237 cogitari
1563 1183 1735 1223 omnino

228 1265 380 1318 nequit
407 1268 478 1304 aut
504 1264 609 1304 aliae
639 1266 808 1304 exstant
838 1275 1004 1313 causae,
1038 1262 1192 1316 quibus
1215 1261 1351 1302 Plauti
1383 1263 1554 1315 ingenio
1586 1274 1635 1302 ea
1666 1260 1736 1301 ad-

228 1343 477 1396 scribamus,
507 1346 688 1396 possunt
718 1344 844 1383 etiam
874 1355 945 1396 pro
969 1342 1140 1382 Graecis
1170 1342 1297 1383 rebus
1320 1341 1370 1382 ab
1391 1342 1541 1382 Atticis
1563 1341 1735 1381 comicis

228 1424 470 1466 memoratis
511 1434 605 1463 esse
646 1422 697 1462 ab
739 1422 808 1462 1110
844 1423 1045 1462 instituta.
1113 1421 1192 1462 Ubi
1226 1435 1323 1462 vero
1365 1422 1441 1461 hoe
1471 1422 1624 1461 factum
1669 1420 1736 1471 sit,

226 1504 311 1544 fere
343 1506 432 1543 tum
465 1501 601 1542 solum
632 1504 742 1542 certo
775 1514 1028 1555 cognoscere
1059 1502 1307 1554 poterimus,
1352 1502 1385 1540 si
1419 1513 1502 1553 qua
1532 1499 1581 1539 ad
1615 1511 1737 1552 argu-

187 1614 194 1617 *
226 1586 369 1624 menta
398 1580 674 1622 describenda
705 1605 757 1610 ——
789 1594 887 1621 nam
918 1581 1022 1621 hae-c
1052 1580 1249 1621 Plautum
1281 1594 1303 1620 a
1335 1580 1507 1620 Graecis
1545 1591 1737 1632 assump-

227 1664 334 1703 sisse
372 1675 496 1702 nemo
528 1663 592 1701 est
623 1661 695 1714 qui
729 1665 853 1714 neget
885 1687 932 1690 —
972 1660 1186 1701 Romanas
1216 1673 1282 1700 res
1316 1661 1583 1700 inveniemus
1623 1658 1736 1699 adhi-

227 1742 348 1793 bitas,
384 1746 507 1795 atque
554 1740 652 1781 inde
698 1740 748 1780 dc
789 1741 938 1780 ceteris
981 1740 1081 1780 loeis
1111 1741 1188 1780 erit
1218 1739 1567 1779 eom-ludemlum.
1629 1738 1734 1778 Cum

228 1825 368 1863 autem
401 1833 547 1861 omnes
580 1821 852 1874 antiquitates
886 1818 1101 1859 Plautinas
1132 1807 1383 1873 componere
1416 1820 1681 1871 Graecasque
1713 1831 1736 1857 a

227 1901 432 1942 Romanis
470 1900 695 1953 seiungere
735 1899 1044 1939 dissertationis
1080 1900 1261 1953 spatium
1293 1898 1424 1938 multo
1455 1899 1558 1938 foret
1588 1908 1735 1937 exces-

227 1994 390 2032 surum,
414 1985 748 2020 consentaneum
779 1990 875 2019 esse
907 1978 1063 2018 credidi
1097 1991 1228 2018 0110111
1258 1978 1555 2031 antiquitatum
1585 1989 1736 2031 genus,

227 2061 459 2115 religionis,
502 2060 736 2099 accuratius
768 2059 1052 2113 pervestigare
1084 2063 1208 2110 atque
1240 2070 1291 2096 ex
1328 2057 1403 2097 hoc
1437 2082 1479 2086 --
1519 2056 1629 2110 quod
1661 2068 1735 2110 pro

227 2142 348 2194 eopia
391 2141 588 2180 materiae.
632 2139 754 2179 licere
796 2152 881 2179 non
923 2138 1067 2178 dubito
1106 2162 1160 2166 -—
1199 2138 1296 2191 quid
1333 2137 1575 2177 summatim
1607 2135 1658 2176 do
1693 2148 1736 2175 re

228 2221 447 2274 proposita.
479 2220 749 2260 statuendum
792 2224 905 2259 esset
945 2219 1153 2271 colligere..
1215 2220 1354 2270 Atque
1397 2214 1637 2270 progrediar
1667 2215 1736 2266 ita,

230 2305 272 2341 ut
303 2301 345 2340 in
377 2301 510 2354 capite
541 2300 672 2353 primo
705 2313 810 2352 quas
834 2298 1014 2339 Graecos
1046 2303 1204 2350 poetas.
1236 2298 1278 2336 111
1311 2297 1439 2336 altero
1471 2308 1577 2349 quas
1610 2307 1733 2335 suum

230 2379 401 2420 Plautus
442 2380 664 2433 ingenium
706 2382 876 2418 secutus
908 2377 1108 2417 exhibere
1140 2376 1238 2415 mihi
1281 2375 1470 2415 videatur
1499 2388 1565 2414 res
1596 2386 1736 2414 sacras

227 2473 453 2514 exponam,
492 2459 675 2511 denique
708 2458 747 2497 111
781 2459 899 2498 tertio
933 2457 983 2497 de
1012 2458 1072 2496 eis
1107 2456 1206 2495 loeis·
1238 2468 1357 2507 agani
1387 2456 1457 2508 qui
1492 2453 1542 2494 ab
1573 2454 1735 2507 origine

229 2554 310 2580 uon
356 2544 533 2593 possunt
572 2539 694 2578 vertis
732 2538 992 2591 argumentis
1023 2536 1200 2575 1101111111.
1265 2534 1308 2575 111
1344 2535 1463 2588 primi
1497 2540 1635 2574 autem
1669 2547 1736 2573 ea·

229 2622 325 2673 pitis
363 2621 490 2660 altera
530 2623 642 2672 parte.
675 2618 855 2658 tractabo
889 2632 950 2661 00,
991 2629 1099 2670 quae
1136 2615 1246 2668 quod
1281 2622 1379 2654 suut
1411 2614 1459 2654 ad
1489 2616 1736 2667 argumenta

228 2699 459 2740 tabidarum
495 2700 745 2742 neeessaria,
775 2699 814 2737 iu
846 2697 972 2737 altera
1005 2709 1112 2749 quau·
1145 2695 1237 2735 aliis¹
1269 2695 1319 2735 «le
1352 2696 1490 2735 causis
1522 2693 1572 2734 ad
1602 2693 1736 2733 Attica

227 2780 485 2831 exeinpiaria
515 2783 613 2819 sunt
640 2777 886 2819 rex-munau.
920 2800 964 2804 -—
995 2778 1186 2815 (fetorum
1224 2776 1263 2814 iu
1297 2774 1583 2814 describendis
1608 2773 1738 2813 versi-

229 2857 306 2898 bus
341 2872 442 2898 usus
476 2872 568 2898 sum
602 2857 858 2898 editionibus
891 2855 1091 2896 1111500011
1126 2856 1164 2894 111
1204 2854 1347 2894 Bacch.
1376 2853 1480 2894 Meu.
1508 2853 1591 2894 Mu.
1618 2851 1735 2892 Most.
