1921 3260
791 165 1068 205 -69-

180 289 339 341 pretem
369 287 550 341 appellat
579 289 847 327 coniectores.
909 287 1004 327 Huc
1035 287 1194 328 accedit
1223 287 1333 340 quod
1355 286 1440 328 Mil.
1466 286 1546 327 692
1578 288 1686 326 iuter

181 365 393 417 mulieres,
412 365 566 419 quibus
584 370 796 407 matronae
814 365 1028 407 Romanae
1046 365 1381 419 Quinquatribus
1399 366 1517 407 datae
1535 379 1685 419 operae

182 445 415 485 mercedem
454 445 646 494 solvunt,
692 446 921 485 coniectrix
962 447 1256 495 enumeratur,
1295 445 1407 484 unde
1439 446 1551 485 viros
1588 458 1686 485 con—

178 523 403 564 iectoribus
433 535 532 564 usos
562 535 656 563 esse
687 524 722 563 si
752 523 816 563 dis
846 524 980 577 placet
1010 523 1131 563 liceat
1161 523 1366 576 colligere.

291 601 448 643 Tamen
481 601 720 643 morborum
765 602 966 642 medelam
1007 615 1059 642 ex
1091 602 1350 643 somniorum
1380 603 1551 643 monitis
1582 603 1685 655 peti-

176 684 274 732 tam,
305 681 470 734 qualem
494 680 640 721 Graeci
667 682 709 721 in
735 681 1008 734 Aesculapeis
1029 679 1294 727 exercebant,
1324 685 1486 722 veteres
1504 680 1686 721 Romani

179 760 352 799 minime
394 759 603 800 videntur'
628 773 809 801 curasse.
871 759 1137 813 Quamquam
1172 761 1285 799 enim
1317 761 1570 813 Aesculapio
1602 761 1684 800 iam

179 851 290 878 anuo
318 839 398 879 290
430 852 463 879 a.
485 839 576 880 Chr.
611 841 653 879 in
682 840 819 880 insula
837 838 1031 880 Tiberina
1055 839 1179 880 aedes
1201 839 1387 880 dedicata
1409 844 1471 880 est
1502 840 1566 891 (cf.
1595 838 1682 879 Liv.

179 916 234 969 X,
264 918 328 957 47.
395 918 527 958 Valer.
556 906 663 958 Max.
687 918 719 963 Ι,
751 920 789 960 8.
821 919 877 961 2³.
907 922 1047 959 tamen
1083 919 1140 959 ibi
1172 931 1435 973 quemquam
1458 918 1684 959 incubasse

178 1009 252 1050 pcr
281 1000 408 1037 totam
440 1011 526 1038 rem
558 997 766 1051 publicam
805 999 966 1039 nullum
996 1003 1133 1039 exstat
1162 1001 1470 1052 testimonium,
1502 1013 1597 1040 cum
1630 1012 1682 1039 cx

178 1076 438 1118 Caesarianis
469 1077 727 1131 temporibus
758 1077 971 1130 complura
1002 1083 1165 1119 servata
1197 1080 1293 1123 siut,
1340 1080 1388 1119 cf.
1423 1079 1464 1120 C.
1500 1079 1527 1118 I.
1560 1078 1602 1118 L.
1625 1078 1683 1119 Vl

179 1169 218 1195 n.
264 1168 275 1195 ι
313 1169 402 1210 sqq.
463 1156 502 1196 C.
536 1156 563 1199 1.
597 1157 642 1196 G.
677 1170 714 1196 n.
751 1158 859 1197 5974
892 1170 982 1211 sqq.
