1921 3260
781 172 1054 211 *41—

163 293 217 346 ΙΙ,
251 295 288 345 7,
318 295 371 333 42
399 307 460 347 sq.
492 295 605 346 (601)
639 294 821 346 Cyamus
860 295 1018 335 iovatur
1053 295 1095 334 in
1139 294 1314 334 militem
1347 292 1558 347 quendam
1587 293 1667 332 ira-

163 376 274 413 tum:
318 372 436 419 „Hoc
475 373 584 412 ride.-
624 373 798 412 dentibus
827 373 1002 425 frendit,
1041 373 1102 412 icit
1136 372 1287 425 ικ”ιυηιιφκ
1359 369 1471 410 Num
1515 370 1666 410 obsecro

164 466 255 490 nam
293 451 477 498 ariolus-t,
522 452 591 504 qui
635 452 743 502 ipsu-s·
785 466 823 490 se
868 451 1099 489 1·‹›1·lterut“?
1144 450 1238 491 Non
1272 450 1447 490 dubium
1491 452 1553 489 ost
1591 449 1666 488 huc

163 531 338 571 attinere
377 530 427 570 ad
471 529 649 581 Cybeles
692 529 785 569 illos
825 529 1060 569 sacerdotes
1106 530 1177 582 qui
1217 529 1357 581 speeie
1399 528 1520 580 stipis
1564 527 1666 567 deae

163 608 436 662 colligendae,
467 621 510 648 re
544 621 639 648 vera
672 609 738 647 sni
761 612 962 660 quaestus
992 620 1119 648 causa
1141 607 1292 660 oppida
1314 608 1515 659 vicosque
1537 607 1665 646 Asiae

164 687 446 740 Graeciaeque
478 685 809 740 pervagabantur
831 678 1027 726 'fanatico
1056 686 1194 726 furore
1223 685 1483 739 flagellorum
1515 684 1667 725 ictibus

164 778 242 806 nec
273 778 358 806 non
390 767 556 806 ensium
597 778 690 806 sese
720 766 973 816 lacerantes,
1005 766 1152 819 quales
1184 763 1426 805 describunt
1456 764 1668 817 Apuleius

164 844 260 886 Met.
300 844 416 896 VIII,
447 846 497 884 27
531 858 621 898 sqq.
657 849 697 885 et
726 844 940 885 Luciunus
975 845 1025 885 de
1058 843 1147 884 Dea
1177 842 1266 895 Syr.
1303 844 1353 883 50
1386 848 1440 896 (p.
1460 843 1567 893 486).
1618 842 1666 883 In

162 923 326 965 Italiam
364 924 457 964 illos
499 924 760 964 mendieulos
796 925 856 964 rei
897 923 1087 977 publicae
1129 922 1390 976 temporibus
1422 923 1668 976 pervenisse

165 1003 329 1043 nullum
359 1001 490 1042 habeo
521 1004 829 1043 testimonium:
863 1017 885 1042 a
917 1002 1282 1042 sollemniautem
1314 1001 1492 1055 Magnae
1522 1000 1668 1042 Matris

165 1082 232 1122 die
266 1082 370 1121 festo
402 1080 684 1134 Megalesibus
719 1081 815 1121 inde
845 1082 895 1121 ab
928 1095 961 1121 a.
996 1081 1077 1121 204
1108 1095 1141 1120 a.
1176 1080 1267 1121 Chr.
1302 1081 1529 1134 quotannis
1561 1080 1669 1120 eele-

162 1160 290 1201 bratis
319 1160 422 1200 tales
455 1160 615 1200 furores
637 1164 761 1213 atque
782 1161 974 1200 insaniae
996 1164 1153 1200 remota
1178 1164 1308 1211 erant,
1339 1160 1384 1199 cf.
1414 1159 1669 1213 Marquardt-

167 1239 404 1280 Mommsen
437 1244 519 1280 ant.
552 1239 625 1290 VI,
657 1253 692 1293 p.
729 1239 809 1279 353
844 1253 934 1292 sqq.
969 1237 1342 1284 P1·elle1·n1.R.1³,
1374 1239 1486 1290 59³²).
1541 1238 1670 1279 Voca-

165 1319 315 1359 bantur
345 1318 515 1372 quidem
545 1319 587 1358 hi
618 1318 810 1359 homines
842 1332 865 1359 a
896 1319 1066 1359 Graecis
1098 1312 1369 1374 μητροιγύρται
1407 1331 1480 1358 seu
1512 1317 1671 1371 simpli-

164 1399 265 1438 citer
302 1391 469 1452 ἀχύρτκι
507 1398 571 1451 (cf.
618 1396 718 1438 Plat.
759 1398 810 1438 de
850 1411 894 1438 re
924 1398 1036 1451 publ.
1069 1397 1123 1449 Π,
1154 1398 1252 1449 346)
1296 1402 1337 1437 et
1373 1399 1412 1437 in
1457 1396 1672 1437 comoedia

165 1477 719 1531 crebriusexagitabantur,
750 1478 798 1520 ef.
830 1477 1058 1530 Antiphan.
1088 1477 1162 1530 frg.
1189 1478 1223 1515 3.
1259 1490 1298 1529 p.
1318 1477 1385 1529 86,
1405 1477 1438 1515 ἶ.
1473 1475 1668 1516 Menand.

165 1558 238 1611 srg.
273 1559 311 1597 4.
346 1570 384 1610 p.
420 1557 510 1596 127.
547 1556 610 1600 ll:
651 1558 873 1609 scripserat
910 1557 1175 1609 Antiphanes
1197 1555 1475 1596 'comoediam
1510 1554 1672 1609 Μητρα-

164 1634 319 1692 γύρτης,
341 1635 558 1677 Philemon
578 1629 775 1691 Ἀγύρτης.
810 1635 972 1676 Harum
993 1637 1121 1689 igitur
1137 1649 1287 1676 vocum
1311 1635 1481 1675 alteram
1496 1633 1671 1674 Plautus

166 1716 345 1757 reddidit
375 1717 531 1756 incerto
571 1720 610 1755 ct
640 1715 826 1769 generali
859 1714 1062 1756 vocabulo
1102 1715 1287 1767 ,ariolus-st¹
1318 1716 1440 1755 cuius
1466 1715 1673 1768 propriam

166 1796 245 1836 hoe
273 1796 362 1836 loeo
394 1796 479 1835 vim
503 1808 650 1835 vereor
694 1798 737 1834 ut
769 1794 980 1835 auditores
1012 1796 1304 1848 cognoverint:
1349 1794 1521 1834 clariore
1550 1794 1673 1834 credo

166 1876 473 1930 significatione
503 1886 607 1914 usus
641 1878 765 1925 esset,
795 1876 829 1914 si
862 1874 910 1915 de
944 1886 1020 1914 suo
1051 1873 1155 1913 illud
1185 1873 1370 1913 lusisset.
1404 1897 1454 1901 —
1478 1872 1672 1913 Ceterum

167 1954 587 1997 animadvertendum
619 1958 682 1994 est
713 1955 804 1994 voci
837 1954 1017 2003 ,ariolus‘
1049 1966 1122 2007 per
1144 1965 1188 1993 se
1212 1951 1321 2006 apud
1344 1950 1541 1992 Plautum
1571 1965 1674 1992 non-

168 2035 267 2076 dum
302 2035 450 2075 malam
489 2035 700 2074 notionem
734 2033 950 2086 vaniloqui
981 2037 1020 2073 et
1057 2033 1272 2085 nugatoris
1305 2032 1534 2072 admixtam
1565 2044 1672 2084 esse‚

169 2114 242 2154 sod
273 2126 437 2168 semper
468 2113 668 2154 vocabulo
691 2114 825 2154 notari
856 2126 952 2153 eum
985 2113 1058 2166 qui
1088 2116 1199 2152 recte
1231 2111 1390 2165 aliquid
1412 2111 1672 2151 divinatione

168 2194 360 2244 coine-iat,
381 2193 431 2233 cf.
455 2193 545 2233 Cas.
563 2192 616 2243 ΙΙ,
638 2193 676 2236 6,
698 2195 735 2232 -Ι,
777 2191 905 2232 Poen.
929 2191 1063 2243 111,5‚
1085 2192 1150 2231 46.
1190 2189 1298 2231 Rud.
1324 2191 1416 2230 324.
1443 2191 1550 2231 1139
1567 2203 1674 2244 sqq,

171 2277 214 2312 ut
258 2271 430 2312 verbum
474 2285 643 2325 quoque
696 2271 896 2322 ,ariolarP
944 2278 1168 2324 usurpatur
1208 2271 1329 2310 Asin.
1373 2269 1465 2309 315.
1509 2271 1589 2310 924
1634 2274 1675 2310 et

169 2351 368 2399 ,ανίυἰανε6
392 2351 502 2392 idem
526 2356 589 2391 est
610 2365 656 2391 ac
682 2363 840 2401 ‚verum
862 2351 1034 2402 conicis,
1056 2354 1166 2390 recte
1189 2350 1418 2403 auguraris·
1443 2350 1563 2389 Asin.
1580 2350 1670 2389 579.

169 2430 266 2471 Cist.
299 2430 373 2482 IV,
398 2432 436 2482 2,
467 2431 532 2472 80.
582 2428 691 2470 Rud.
724 2430 802 2469 347
819 2430 896 2480 **).
978 2429 1099 2469 Unde
1139 2428 1278 2482 colligi
1325 2432 1459 2482 potest
1509 2428 1673 2481 ariolos,

261 2544 298 2587 *)
324 2543 423 2579 Unde
449 2555 527 2577 vero
555 2543 612 2578 hic
639 2544 690 2577 vir
713 2543 838 2577 doctus
858 2554 896 2575 cx
924 2542 1040 2577 Ovidii
1065 2542 1161 2576 Fast.
1185 2542 1247 2582 IV,
1263 2543 1446 2575 255—348
1472 2541 1673 2575 narratione

169 2601 236 2635 sibi
268 2601 459 2645 sumpserit
492 2601 639 2634 comites
673 2600 849 2643 Phrygios
884 2600 968 2633 ‹lozu-
1005 2610 1083 2633 cum
1114 2600 1342 2633 simulacrum
1380 2600 1454 2632 eius
1490 2599 1525 2632 in
1552 2598 1672 2632 urbem

171 2662 475 2702 transportaretur
500 2658 648 2698 flagellis
674 2657 740 2691 sibi
766 2661 865 2701 terga
894 2659 1043 2692 laniasse
1068 2658 1181 2690 fateor
1207 2666 1261 2689 lue
1298 2656 1447 2689 nescire:
1476 2667 1518 2689 an
1555 2667 1584 2689 v.
1608 2657 1674 2689 342

171 2719 229 2756 „et
256 2715 387 2749 feriunt
412 2715 534 2748 molles
560 2719 680 2748 tamn-a
707 2719 808 2757 terga
840 2724 969 2749 maniv·
997 2716 1045 2748 ita
1072 2714 1248 2748 intellexit
1259 2716 1276 2747 ἱ)

262 2772 322 2814 *ἢ
350 2772 424 2807 Hac
449 2772 689 2806 observatione
715 2773 943 2808 confirmatur
964 2772 1055 2816 quod
1081 2771 1168 2806 dicit
1194 2770 1456 2815 Marquardtius
1482 2772 1556 2804 ant.
1572 2769 1672 2803 Rom.

174 2829 254 2863 VI².
281 2840 314 2874 p.
347 2830 409 2863 111
436 2830 514 2864 init.
