1921 3260
825 163 878 167 ,-
938 139 1102 178 56-

210 261 369 312 maynz'
396 260 653 313 minutique
684 267 722 299 et
746 259 1008 312 patellarii
1025 261 1178 314 jamim,
1211 275 1256 300 ne
1286 262 1392 300 ...“
1451 260 1570 301 Haec
1599 261 1712 301 enim

209 339 382 379 deorum
422 339 587 392 partitio
627 337 915 378 Romanorum
947 342 1053 390 erat,
1101 340 1174 393 qui
1217 340 1375 380 civium
1414 341 1456 379 in
1501 339 1716 393 republica

210 416 426 457 ordinibus
455 417 505 457 ad
537 417 778 457 caelestium
801 430 929 471 regna
959 418 1169 458 translatis
1202 419 1408 458 maiorum
1439 422 1479 460 et
1503 419 1715 459 minorum

209 497 398 549 gentium
433 509 510 536 seu
548 497 743 549 patricios
772 500 811 536 et
841 496 1030 549 plebeios
1065 498 1163 538 deos
1197 497 1509 550 discernerent,
1553 497 1600 538 cf.
1634 496 1716 539 Cic.

209 573 331 614 Tuse.
364 573 396 627 I,
431 575 496 627 13,
528 575 591 615 29.
655 574 773 615 Ovid.
816 568 957 615 1b181
994 589 1053 629 sq.
1119 577 1344 630 Augustin.
1391 576 1432 617 C.
1466 575 1515 617 D.
1549 575 1646 628 VII,
1677 576 1713 615 2.

210 653 397 702 Quorum
429 653 604 693 alterum
633 666 769 706 genus
792 653 967 694 Plautus
989 655 1148 695 ludicre
1170 656 1438 708 cognominat
1466 654 1718 708 patellarios,

209 745 264 772 sc.
299 744 370 772 eos
403 731 572 785 quibus,
603 736 648 771 ut
669 731 847 772 Laribus
868 731 1097 773 Penatibus
1132 732 1292 785 Geniis,
1323 735 1486 774 minora
1516 733 1718 774 sacrificia

208 813 252 851 in
293 811 457 864 patellis
499 796 737 851 offerebant.
808 812 903 852 Alia
946 812 1118 852 deorum
1160 812 1422 864 distributio,
1465 826 1548 866 quo
1588 814 1718 853 utitur

210 890 548 930 Alcesimarchus
586 893 732 944 paucis
771 894 865 931 ante
913 891 1106 932 versibus
1149 892 1189 932 111
1237 892 1383 932 eodem
1422 891 1716 933 iureiurando:

210 969 305 1017 „Ita
346 983 406 1008 me
440 969 489 1008 <li
533 969 736 1023 (leaeque
776 971 940 1022 superi
979 978 1116 1024 atque,
1155 971 1304 1025 inferi
1332 978 1371 1010 et
1401 971 1718 1011 mediooeumffl

211 1052 251 1089 et
276 1040 378 1101 'ipsa
416 1047 608 1088 Romana
643 1049 848 1102 quaedam
889 1053 971 1101 est,
1024 1055 1070 1090 ut
1110 1050 1229 1091 docet
1264 1054 1430 1091 vetusta
1467 1051 1718 1103 precationis

209 1128 387 1168 formula
418 1127 621 1168 fetialium
665 1129 775 1181 apud
823 1127 911 1168 Liv.
946 1128 978 1181 I,
1012 1130 1077 1173 32,
1110 1131 1133 1169 9
1175 1129 1298 1180 „audi
1343 1129 1556 1183 Iuppiter,
1595 1112 1636 1184 et
1674 1132 1720 1170 tu

209 1206 331 1259 Iuno,
364 1206 538 1255 Quirine
561 1207 705 1261 diique
738 1220 884 1248 omnes
907 1208 1108 1248 caelestes
1131 1222 1295 1262 vosque
1317 1211 1535 1249 terrestres
1558 1220 1721 1262 vosque

208 1287 363 1327 inferni
395 1287 575 1338 audite&
606 1286 679 1327 ubi
709 1290 925 1328 terrestres
959 1290 1051 1329 sine
1083 1288 1342 1329 dubitatione
1374 1289 1510 1328 eidem
1541 1291 1640 1328 sunt
1670 1300 1718 1328 ac

210 1366 497 1418 medioxumi,
536 1367 560 1406 i.
600 1379 633 1406 0.
675 1379 916 1420 camporum
955 1371 994 1407 et
1034 1368 1235 1408 silvarum
1281 1368 1372 1419 dei,
1414 1367 1641 1407 fluminum
1670 1370 1723 1407 ·et

210 1446 387 1486 fontium
428 1446 626 1497 numina,
667 1445 792 1487 Lares
823 1445 1004 1487 Penates
1037 1446 1184 1499 Genii,
1225 1448 1353 1501 igitur
1394 1459 1438 1487 re
1479 1447 1570 1500 ipsa
1611 1445 1722 1486 haud

211 1525 281 1565 alii
311 1524 396 1565 fere
425 1538 552 1578 quam
592 1527 665 1579 qni
696 1526 823 1567 altero
861 1527 952 1567 loco
985 1527 1181 1567 dicuntur
1214 1528 1384 1579 ,minuti
1417 1529 1457 1566 et
1483 1525 1719 1580 patellarii·.

189 1605 248 1644 <A
279 1604 448 1644 Graecis
482 1617 595 1656 vero,
627 1618 885 1659 quamquam
908 1607 1128 1658 tripartitio
1159 1606 1307 1646 mundi
1341 1607 1380 1646 in
1414 1605 1576 1646 eaelum
1608 1617 1722 1645 mare

210 1687 361 1725 terram
402 1683 444 1736 (i.
478 1695 511 1722 e.
546 1684 587 1722 111
620 1683 869 1736 profundam
899 1685 1066 1735 terram)
1098 1685 1396 1738 antiquissima
1427 1686 1513 1742 est,
1550 1683 1723 1724 deorum

211 1765 350 1802 tamen
385 1762 467 1802 duo
501 1774 668 1815 semper
701 1763 808 1801 inter
850 1775 894 1802 se-
927 1762 1248 1815 opponebantur
1276 1776 1458 1817 genera,
1497 1767 1532 1802 οἱ
1560 1758 1640 1801 ἄνω
1672 1787 1723 1792 -

213 1845 247 1880 οἱ
277 1835 390 1880 κάτω
418 1841 486 1881 vel
523 1845 556 1880 οἱ
586 1839 730 1880 ὕπατοι
753 1867 801 1870 -—
823 1845 856 1880 01
876 1835 1034 1895 χθόνιοι
1065 1842 1132 1882 vel
1166 1846 1200 1881 01
1239 1836 1406 1897 οὐράνιοι
1434 1867 1463 1869 —
1494 1846 1527 1881 01.
1555 1835 1724 1896 χθόνιοι,

212 1934 307 1961 011111
338 1913 496 1975 χθόνιον.
526 1921 587 1959 cis
619 1924 762 1960 essent
785 1920 922 1961 eidem
944 1924 1068 1974 atque
1092 1915 1358 1976 κατχχὲὶὸνιοι
1379 1934 1455 1962 seu
1477 1915 1724 1975 ὑποχθόνιοι,

213 2012 268 2039 sc.
309 1999 382 2052 qui
420 1998 526 2038 infra
568 2003 700 2038 terrae
737 1997 1003 2051 superficiem
1057 1999 1178 2039 sedes
1224 1999 1411 2040 habitant
1458 2000 1519 2050 (cf.
1570 1997 1726 2041 Preller

213 2077 409 2118 Demeter
439 2078 522 2117 und
552 2076 823 2131 Persephone
853 2091 892 2131 p.
932 2079 1088 2131 187)*).

325 2156 521 2210 Denique
550 2157 600 2197 ad
627 2158 763 2210 ipsum
782 2155 977 2197 Plautum
1000 2157 1218 2197 referenda
1240 2163 1303 2197 est
1326 2157 1597 2198 Geniorum
1620 2158 1724 2198 cul-

212 2240 291 2276 tus
324 2237 676 2276 commemoratio.
725 2235 820 2276 Non
854 2249 936 2289 quo
965 2237 1107 2289 opinio
1130 2237 1337 2278 eiusmodi
1361 2237 1499 2291 qualis
1521 2235 1724 2278 Romanis

212 2319 298 2356 erat
327 2315 377 2355 ‹le
410 2314 555 2355 Geniis
578 2328 600 2354 a
623 2315 877 2355 (sirac-corum
901 2316 1053 2354 animis
1077 2316 1250 2355 omnino
1273 2315 1541 2356 abhorruerit.
1591 2315 1723 2357 Immo

212 2397 252 2435 et
283 2395 361 2448 ipsi
394 2393 693 2434 existimabant
725 2394 955 2447 unicuique
1003 2394 1160 2433 homini
1205 2394 1301 2434 inde
1349 2393 1399 2434 ab
1446 2400 1537 2435 ortu
1577 2395 1724 2436 adesse

215 2475 339 2514 ‹leum
373 2474 582 2527 quendam
623 2475 712 2513 sivo
748 2487 904 2513 numen
949 2473 1140 2513 divinum
1174 2474 1302 2513 fatum
1336 2475 1427 2514 eius
1460 2475 1653 2515 sortitum
1685 2479 1724 2515 et

214 2554 334 2606 quasi
365 2553 555 2593 fortunae
588 2553 881 2593 necessitatem
915 2554 955 2592 111
981 2565 1075 2593 eum
1101 2556 1380 2593 exercentem.
1444 2552 1564 2602 Quod
1593 2554 1724 2594 diser-

306 2690 340 2729 *)
367 2689 596 2723 Christianae
622 2690 760 2723 «lonium
789 2691 917 2723 :matis
944 2690 1133 2734 scripturos
1160 2689 1291 2723 addunt
1321 2693 1505 2724 terrestres
1533 2693 1723 2734 usurpant·

213 2758 279 2790 ιμιο
306 2747 370 2781 hoe
399 2758 500 2780 sensu
533 2743 678 2790 χθόνιος.
707 2748 748 2781 rs.
778 2747 949 2791 Porphyr.
976 2746 1017 2780 110
1045 2747 1333 2791 ;11111.11)’1111»11.6
1359 2749 1446 2788 ,κοῖς
1460 2746 1516 2791 μὲν
1533 2743 1724 2791 ’(Ιλυμπὶοις

215 2805 301 2841 θεοῖς
327 2829 332 2834 .
362 2829 366 2834 .
396 2830 401 2835 .
429 2804 573 2846 χθονίοις
599 2804 631 2836 δὲ
660 2832 663 2835 ,
695 2832 698 2835 ,
729 2831 733 2836 .
761 2803 1001 2847 §watrevio-4⁰.
