1921 3260
793 163 1062 204 ..67-

177 285 360 338 templis,
387 285 542 339 quibus
573 287 744 326 senatus
776 285 967 326 consulto
999 285 1247 326 deferretur:
1288 284 1536 337 „Crescebat
1566 285 1678 325 enim

177 363 357 404 Graecas
393 377 468 417 per
507 363 634 405 urbes
671 364 838 404 licentia
875 367 1001 417 atque
1037 365 1266 418 impunitas
1297 364 1413 417 asyla
1443 364 1677 409 statuendi;

175 442 494 496 complebantur
519 443 672 496 templa
701 442 898 495 pessimis
929 443 1232 485 servitiorumf‘
1294 441 1474 483 Romani
1506 443 1587 495 ipsi
1618 444 1677 482 rei

173 521 367 576 publicae
410 522 580 575 quidem
622 520 880 574 temporibus
934 544 978 549 —
1028 534 1125 561 nam
1164 521 1276 575 quod
1312 524 1434 561 antea
1469 519 1677 561 Romulus

173 601 324 642 dicitur
359 600 526 653 asylum
564 601 783 653 aperuisse
821 601 930 640 inter
969 600 1074 640 duos
1117 600 1235 641 lucos
1278 599 1386 645 (Liv.
1415 598 1448 648 Ι,
1478 601 1517 646 8,
1549 600 1604 650 5),
1638 600 1678 640 id

175 680 276 720 nihil
315 679 428 720 aliud
472 678 681 733 significat
720 680 804 719 nisi
842 680 886 719 in
926 678 1074 719 urbem
1113 678 1163 719 ab
1195 691 1244 719 eo
1275 679 1484 719 conditam
1514 677 1676 718 turbam

175 771 301 800 omne
331 771 468 813 genus
499 759 718 799 hominum
751 757 1014 798 confluxisse
1036 781 1088 787 —
1112 771 1246 798 unum
1273 757 1481 798 habebant
1512 756 1676 808 asylum

173 838 342 892 publice
374 839 596 884 sancitum,
628 838 740 891 quod
771 839 813 878 in
847 837 1002 891 templo
1034 837 1121 877 divi
1151 836 1249 878 Iulii
1281 837 1490 877 triumviri
1521 836 1676 876 Graeco

172 918 368 959 videlicet
406 917 600 971 exemplo
643 918 922 957 instituerant.
985 915 1064 957 Sed
1107 917 1183 957 hoc
1214 915 1341 958 verbo
1384 916 1519 969 magis
1551 928 1678 968 quam

171 1010 215 1038 re
246 997 484 1052 perfugium
516 1000 615 1049 erat,
650 996 692 1036 cf
731 995 844 1036 Cass.
878 995 1002 1036 Dion.
1035 996 1103 1048 47,
1137 995 1201 1047 19,
1233 996 1256 1035 2
1297 989 1594 1050 ,ἀπηγόρευσαν
1632 989 1677 1034 δὲ

172 1072 321 1133 μηδένα
348 1077 386 1124 ἐς
413 1073 460 1116 τὸ
487 1072 614 1131 ἡρῷον
632 1074 754 1115 αὐτοῦ
771 1069 1058 1130 κκταφυγόντκ
1081 1073 1136 1113 ἐπ’
1160 1069 1273 1126 ἀδείᾳ
1297 1069 1398 1129 μήτε
1423 1068 1677 1129 ἀνδρηλατεῖ-

171 1161 269 1197 saw.
290 1150 391 1211 μήτε
423 1157 635 1206 συλᾶσθαι,
667 1153 759 1209 ὅπερ
789 1149 915 1194 οὐδενὶ
935 1148 1028 1194 οὐδὲ
1047 1157 1130 1193 τῶν
1148 1157 1266 1203 θεῶν,
1298 1151 1401 1198 πλὴν
1421 1157 1503 1193 τῶν
1524 1155 1585 1194 ἐπὶ
1604 1157 1676 1194 τοῦ
1709 1156 1712 1160 ’

159 1229 374 1291 Ῥωμύλου
418 1233 649 1290 γενομένων,
691 1227 952 1273 ἐδεδώκεσαν·
993 1233 1123 1272 καίτοι
1165 1234 1230 1272 καὶ
1274 1233 1395 1272 ἐκεῖνο
1441 1229 1488 1273 τὸ
1533 1233 1676 1288 χωρίον

165 1309 331 1370 ὀνόματι
369 1310 442 1358 τὴν
481 1311 653 1358 ἀσυλίαν,
696 1309 800 1367 μετὰ
840 1308 912 1356 τὴν
953 1315 1034 1351 τῶν
1074 1306 1223 1367 ἀνδρῶν
1253 1308 1442 1367 ἄθροισιν,
1484 1308 1572 1352 ἄνευ
1603 1315 1676 1352 τοῦ

166 1397 280 1450 ἔργου
316 1392 438 1433 αὐτοῦ
482 1395 606 1447 ἔσχεν·
649 1391 756 1431 οὕτω
798 1388 871 1447 γὰρ
913 1385 1186 1446 περιεφράχθη
1218 1390 1324 1431 ὥστε
1359 1386 1508 1446 μηδένα
1540 1394 1598 1430 ἔτι
1628 1388 1675 1430 τὸ

166 1467 348 1529 παράπαν
392 1473 570 1512 ἐσελθεῖν
615 1473 654 1519 ἐς
701 1469 798 1512 αὐτὸ
845 1466 1100 1516 δυνηθῆναιέ*
1160 1471 1252 1512 Hoc
1298 1473 1465 1524 asylum
1510 1473 1675 1514 videtur

163 1553 404 1607 respexisse
435 1552 612 1593 Ovidius
645 1551 764 1593 Trist.
797 1552 846 1604 V,
878 1553 916 1603 2,
947 1552 1000 1591 43
1024 1564 1084 1605 sq.
1149 1551 1360 1603 „Videriss
1389 1554 1481 1605 ipse
1500 1565 1673 1594 sacram.

167 1632 361 1686 quamvis
399 1633 589 1684 invisus,
632 1632 682 1672 ad
715 1645 827 1672 aram
861 1630 1130 1685 Confugiam:
1166 1631 1302 1671 nulla-s
1336 1635 1574 1672 summovet
1606 1645 1675 1672 ara

166 1713 358 1752 manus.“
435 1709 556 1760 Quod
609 1713 748 1751 autem
798 1711 942 1751 Cicero
1002 1711 1217 1752 nonnullis
1267 1712 1369 1751 loeis
1419 1714 1506 1764 (pro
1552 1709 1673 1752 Roso.

164 1803 269 1832 com.
305 1792 370 1843 11,
405 1791 480 1837 30;
526 1793 617 1844 post
647 1789 730 1830 red.
762 1791 805 1830 in
839 1794 970 1830 senat.
1005 1790 1041 1841 5,
1077 1791 1149 1835 11;
1183 1789 1234 1834 ΙΙ,
1269 1790 1382 1832 Verr.
1417 1790 1474 1836 ΙΙ,
1507 1792 1544 1843 3,
1575 1793 1600 1832 8
1632 1795 1672 1833 et

167 1869 218 1921 V,
254 1870 322 1919 48,
366 1869 462 1921 126)
504 1882 595 1910 aras
635 1874 849 1923 tamquam
888 1869 1128 1922 perfugium
1159 1882 1207 1910 ac
1239 1870 1493 1924 praesidium
1525 1871 1672 1911 salutis

164 1953 476 2001 commemorat,
518 1949 595 1989 hoc
631 1948 894 1989 solummodo
929 1949 1131 1989 rhetorica
1171 1948 1304 2003 figura
1334 1954 1397 1989 est
1427 1963 1480 1990 ex
1515 1950 1671 1991 Graeco

164 2041 246 2070 usu
278 2029 496 2069 notissimo
526 2029 711 2080 repetita.
774 2027 1043 2068 Manifestum
1074 2029 1201 2081 igitur
1231 2033 1294 2069 est
1327 2042 1474 2070 omnes
1517 2031 1589 2083 qui
1627 2031 1670 2070 in

164 2107 317 2149 fabulis
348 2106 554 2148 Plautinis
584 2107 633 2147 ad
665 2107 877 2159 asylorum
905 2108 972 2147 ius
1001 2110 1188 2160 spectant
1210 2108 1336 2160 locos,
1369 2113 1413 2148 ut
1441 2110 1668 2151 maximam

165 2190 324 2242 partem
352 2185 575 2238 Rudentis‚
612 2200 663 2227 ex
699 2187 868 2227 Graecis
907 2187 1114 2240 exemplis
1155 2190 1342 2241 sumptos
1381 2200 1487 2228 esse.
1551 2188 1671 2230 Unde

163 2269 349 2320 apparet,
371 2279 498 2320 quam
520 2270 676 2307 temere
699 2267 989 2321 Visseringius
1013 2266 1182 2316 Quaest.
1204 2266 1336 2307 Plaut.
1361 2267 1415 2319 ΙΙ,
1443 2281 1481 2321 p.
1501 2270 1554 2309 48
1579 2282 1667 2323 sqq.

166 2347 355 2387 statuerit
384 2344 493 2386 Rud.
516 2346 591 2386 641
619 2359 708 2400 sqq.
751 2344 965 2398 „Mulieres
998 2346 1119 2386 Duae
1159 2347 1372 2387 innocentes
1407 2346 1467 2387 hic
1501 2356 1587 2388 snut
1606 2382 1612 2388 .
1634 2381 1642 2388 .
1661 2381 1669 2388 .

165 2424 314 2475 Quibus
369 2425 580 2464 culco‘rsnm
642 2425 700 2464 ius
755 2425 927 2479 [eye-sque
983 2424 1045 2464 laio
1099 2426 1275 2478 insignite.
1321 2426 1467 2466 inim-ta
1514 2427 1670 2468 Factus-t

154 2504 285 2558 fitque
309 2504 352 2554 ῥυ
383 2502 537 2544 Veneris
556 2504 692 2558 fano“
724 2507 763 2544 ot
801 2505 879 2544 723
912 2517 972 2558 Sq.
1006 2503 1137 2555 „Mihi
1157 2519 1230 2544 non
1252 2504 1363 2545 liceat
1384 2520 1488 2545 meas
1508 2507 1671 2548 ancillas

179 2582 331 2623 Veneri-3
376 2583 423 2623 de
463 2598 537 2622 ara
580 2583 803 2624 abducere?
848 2608 890 2612 »Α
926 2582 1021 2623 Non
1064 2583 1166 2623 licet:
1214 2584 1302 2623 itast
1338 2584 1400 2624 lem
1438 2593 1535 2637 aput
1576 2589 1667 2626 ποθί

165 2661 378 2703 Romanas
412 2662 616 2715 quasdam
647 2662 698 2703 de
730 2664 846 2715 asylo
875 2663 992 2717 leges
1019 2665 1351 2705 commemorari.
