1921 3260
829 170 1109 210 -14—

328 288 583 331 Ritschelius
616 292 809 344 quidem,
851 293 925 346 qui
960 293 1002 332 in
1036 292 1328 332 dissertatione
1361 293 1412 332 de
1443 290 1723 333 Bacchidibus

216 366 414 421 (Parerga
452 382 489 421 p.
520 370 615 420 408)
654 370 767 411 hunc
807 371 946 412 locum
989 372 1201 424 tractavit,
1243 373 1447 412 rationem
1491 384 1566 411 eur
1605 383 1725 424 prae-

216 447 386 486 missam
418 446 608 499 Chrysali
652 449 881 490 mendaciis
911 449 1108 490 Nicobuli
1150 451 1518 504 interrogationem
1549 448 1724 490 Plautus

217 526 455 577 sustulerit,
505 540 597 567 eam
629 527 707 568 sibi
740 529 979 581 perspicere
1012 529 1130 569 visus
1171 533 1234 570 est
1264 530 1375 583 quod
1408 529 1620 583 cognitum
1654 527 1724 568 lia-

215 605 376 645 buisset
413 610 531 659 poeta
574 606 774 647 barbarus
816 621 897 648 non
938 611 1021 648 tam
1059 609 1101 648 in
1140 609 1294 662 vulgus
1337 612 1454 650 notas
1492 620 1586 648 esse
1617 608 1726 647 inter

214 683 427 725 Romanos
449 686 667 726 sacerdotii
690 687 804 727 illius
827 687 1110 738 condiciones,
1141 691 1185 727 ut
1207 689 1278 741 qui
1302 689 1352 728 de
1382 688 1586 741 pecuniae
1614 685 1723 740 apud

214 763 420 816 Ephesios
454 765 636 817 periculo
669 766 855 817 audiret,
887 766 988 805 nihil
1016 767 1055 806 ei
1085 767 1207 806 citius
1239 780 1362 820 quain
1396 765 1723 820 Megabyzorum

214 843 440 883 recordatio
474 850 744 885 succurreret.
792 846 847 884 At
875 846 911 884 si
931 857 1148 885 removere
1168 846 1375 886 voluisset
1397 844 1572 886 Plautus
1594 845 1720 884 inter-

214 923 473 975 rogationem
515 924 651 975 illam,
704 937 810 977 quae
852 923 1084 977 fragmento
1116 929 1258 965 nostro
1293 925 1562 978 exprimitur,
1614 922 1722 977 quod

217 1005 471 1054 spectatores
514 1002 839 1056 Megabyzomm
880 1003 1139 1044 condicionis
1180 1007 1324 1044 essent
1365 1004 1526 1058 ignari,
1572 1014 1724 1056 nempe

215 1093 397 1133 omnem,
432 1084 474 1121 ut
505 1081 698 1134 arbitror,
731 1083 930 1123 evitasset
960 1084 1052 1123 eius
1084 1085 1269 1124 nominis
1303 1083 1560 1123 mentionem
1593 1094 1640 1122 ac
1670 1094 1724 1122 ne

215 1161 318 1200 illud
351 1161 521 1213 quidem
556 1159 1034 1216 „jleqalolmsiflli11m⁴‘‚
1067 1164 1188 1204 cuius
1220 1164 1472 1203 sententiam
1505 1160 1723 1202 ridiculam

216 1254 300 1279 non
336 1241 469 1293 magis
501 1245 675 1293 possent
696 1242 907 1295 amplecti,
937 1255 992 1282 ex
1015 1242 1244 1284 Menandro
1266 1243 1559 1283 transtulisset.
1590 1241 1724 1282 Immo

214 1319 312 1359 mihi
357 1320 520 1360 videtur
556 1322 643 1360 veri
688 1321 817 1362 multo
873 1323 1054 1362 similius
1113 1321 1309 1362 Plautum
1353 1323 1492 1375 ipsum
1534 1322 1624 1374 hic,
1680 1324 1726 1361 ut

214 1400 384 1451 saepius
419 1399 670 1450 videbimus.v
705 1401 951 1454 exemplum
983 1414 1108 1442 suum
1140 1415 1285 1455 parum
1320 1401 1595 1444 intellexisse.

328 1477 542 1519 Casinae
606 1480 781 1520 actionis
844 1482 965 1534 quasi
1025 1481 1239 1534 fastigium
1303 1482 1519 1522 vocaveris
1582 1479 1726 1533 Olym-

213 1559 350 1612 pionis
396 1572 492 1599 cum
533 1558 698 1606 Casina,
749 1561 871 1601 cuius
918 1564 1054 1614 partes
1108 1573 1256 1601 servus
1308 1561 1478 1614 quidam
1531 1559 1724 1601 muliebri

189 1620 385 1679 *ornatus
423 1640 578 1680 vestitu
619 1640 822 1692 suscepit,
870 1641 1050 1693 nuptias.
1128 1638 1314 1687 Quarum
1361 1643 1558 1694 apparatu
1606 1640 1725 1679 initio

215 1723 332 1758 actus
364 1716 430 1757 IV.
465 1720 608 1771 paucis
649 1719 854 1772 descripto
887 1719 930 1758 in
961 1718 1034 1758 III.
1071 1731 1195 1759 scena
1226 1719 1392 1759 futurus
1425 1721 1598 1760 maritus
1629 1731 1724 1759 cuni

214 1797 385 1838 tibicine
418 1811 654 1851 pompaque
697 1798 956 1851 progreditur
991 1798 1040 1837 ad
1082 1811 1259 1838 uxorem
1301 1798 1557 1846 ducendam,
1601 1798 1725 1838 Grate-

216 1889 350 1930 coque
409 1890 522 1917 mere
578 1882 736 1917 canunt
782 1877 1094 1929 Hymenaeum.
1182 1876 1344 1917 Deinde
1394 1879 1435 1917 in
1487 1890 1611 1918 scena
1661 1890 1726 1918 se-

216 1958 363 2010 quenti
405 1957 485 1997 alia
529 1970 681 2009 pompa
730 1970 836 1997 nova
888 1960 1014 2010 nupta
1065 1956 1114 1997 ab
1157 1957 1320 1997 ancillis
1370 1957 1541 1996 domum
1591 1957 1724 1997 mariti

215 2036 444 2076 deducitur.
519 2035 601 2076 Hic
652 2041 791 2076 autem
847 2035 1020 2076 Plautus
1071 2037 1113 2076 ni
1164 2036 1283 2076 fallor
1332 2036 1571 2076 recordatus
1622 2048 1726 2076 usus

215 2114 394 2156 Romani
441 2129 566 2156 unam
615 2116 859 2156 ancillarum
910 2116 1119 2156 dicentem
1160 2117 1273 2156 tacit:
1315 2116 1371 2163 „l
1402 2115 1540 2153 sensim
1585 2128 1725 2167 super-

214 2194 343 2233 ‹ztcolle
387 2194 500 2234 limen
546 2195 677 2246 perles,
726 2210 822 2233 nora
870 2202 1006 2247 nuptu.
1078 2198 1221 2247 §ospes
1273 2195 1348 2234 lter
1391 2194 1516 2246 incipe
1561 2193 1640 2243 le‹›‹·‚
1688 2201 1726 2232 ut

215 2274 295 2312 viro
327 2280 390 2312 tow
416 2289 568 2326 semper
597 2275 648 2312 sis
677 2282 912 2325 samm-stasa‘·
976 2274 1080 2314 Nam
1116 2288 1188 2327 pro
1217 2274 1326 2314 malo
1349 2275 1490 2314 omine
1512 2272 1725 2314 Romanos

216 2353 412 2393 habuiss‹¹
450 2367 599 2394 novam
628 2358 798 2407 nuptam
834 2356 1012 2408 primum
1047 2356 1267 2394 intrantem
1301 2354 1470 2393 deinum
1505 2354 1650 2394 uxoris
1682 2354 1722 2393 in

215 2433 359 2473 limine
392 2434 539 2487 peden)
573 2434 795 2485 intentiore,
826 2435 1076 2474 dot-umento
1108 2438 1206 2473 sunt
1241 2434 1332 2479 loci,
1365 2437 1406 2472 ut
1436 2433 1581 2473 Catuli.
1614 2431 1725 2482 LXI,

219 2513 294 2553 166
335 2528 422 2567 sqq.
469 2515 670 2565 „transfer
706 2515 845 2554 omine
897 2527 989 2553 enin
1040 2513 1148 2553 bono
1194 2513 1317 2552 limen
1361 2512 1554 2552 aureolos
1597 2512 1725 2565 pedes

214 2594 468 2646 rasilemque
510 2593 602 2634 subi
650 2595 803 2633 torem*
846 2597 885 2632 et
930 2592 1080 2632 lan-an.
1121 2591 1166 2631 ll.
1203 2592 1283 2631 :355
1326 2605 1385 2645 sq.
1451 2590 1725 2645 „'l'ur1·itaque

214 2686 406 2726 premens
439 2674 613 2713 frontem
650 2678 834 2713 matrona
866 2686 1016 2712 cowna
1056 2671 1272 2711 'translata
1314 2672 1445 2711 votuit
1482 2671 1725 2723 contingere

217 2753 361 2792 limina
399 2753 577 2806 planstff‘,
610 2752 720 2793 unde
753 2757 924 2806 apparet
962 2753 1084 2792 otiam
1121 2755 1415 2804 transportatas
1448 2763 1542 2790 esse
1575 2752 1724 2803 nuptas
