1921 3260
889 766 1188 837 Vita..

380 1026 646 1060 Maximilianus
672 1027 870 1061 Alexander
895 1026 1087 1061 Arthnrius
1114 1026 1283 1061 Schuster
1307 1029 1412 1061 natus
1438 1037 1516 1060 snm
1542 1024 1739 1058 Wismarae
1763 1021 1800 1055 in

290 1096 366 1130 vico
398 1107 507 1140 prope
542 1096 812 1140 Strassburgum
854 1096 1249 1140 Brandenburgensium
1286 1096 1355 1129 sito
1392 1106 1421 1129 a.
1459 1096 1489 1129 d.
1517 1094 1585 1129 ·XI.
1623 1093 1697 1128 Cal.
1732 1091 1799 1126 Iul.

290 1176 319 1199 a.
346 1165 380 1199 h.
407 1176 432 1198 s.
461 1164 555 1198 LXI.
589 1167 690 1208 patre
717 1166 903 1209 Augusto,
940 1168 1053 1200 matre
1077 1166 1170 1200 Iulia
1197 1176 1213 1199 e
1239 1166 1345 1209 gente
1372 1165 1542 1205 Wemme,
1571 1173 1657 1208 quos
1683 1161 1799 1195 adhuc

289 1234 499 1279 superstites
525 1244 599 1267 esse
627 1245 732 1278 quam
769 1235 919 1269 maxime
945 1235 1093 1279 gaudeo.
1142 1234 1243 1269 Fidei
1269 1234 1431 1269 addictus
1457 1245 1535 1268 sum
1562 1231 1798 1276 evangelicae.

290 1304 509 1338 Litterarum
549 1304 732 1338 elementis
768 1305 925 1338 imbutus
966 1315 1053 1348 puer
1091 1315 1214 1338 novem
1254 1314 1425 1338 annorum
1465 1301 1684 1342 Cottbusiis,
1732 1310 1800 1344 quo

291 1374 531 1416 migraverant
557 1375 740 1418 parentes,
780 1375 942 1418 receptus
967 1384 1043 1407 sum
1070 1373 1163 1406 inter
1189 1371 1380 1417 discipulos
1406 1371 1585 1415 gymnasii
1608 1374 1685 1404 tum
1711 1369 1802 1404 Pur-

291 1443 430 1483 manni,
461 1441 584 1476 deinde
609 1442 784 1483 Noetelii,
811 1442 1050 1486 praeceptoris
1075 1441 1282 1481 venerandi,
1322 1441 1488 1485 auspiciis
1513 1441 1682 1474 florentis.
1733 1438 1802 1481 Qui

291 1513 425 1556 insigni
452 1523 520 1556 qua
545 1523 630 1555 erga
655 1523 710 1546 me
737 1512 806 1545 fuit
831 1512 1076 1546 benevolentia
1104 1511 1138 1545 in
1166 1522 1267 1545 omne
1293 1513 1433 1555 tempus
1460 1521 1515 1544 me
1539 1509 1607 1544 sibi
1632 1508 1805 1543 devinxit.

291 1582 514 1616 Maturitatis
548 1581 754 1615 testimonio
790 1576 988 1616 instructus
1026 1581 1106 1615 inde
1144 1581 1187 1614 ab
1221 1583 1414 1615 auctumno
1449 1592 1478 1614 a.
1517 1579 1604 1614 1878
1643 1590 1704 1623 per
1741 1588 1800 1613 sex

291 1651 477 1685 semestria
510 1651 545 1684 in
585 1650 817 1684 universitate
845 1649 1171 1694 Gryphiswaldensi
1202 1649 1330 1684 studiis
1365 1660 1419 1683 me
1455 1648 1535 1682 dedi
1566 1647 1802 1693 philologieis.

292 1719 427 1754 Deinde
460 1731 570 1754 unum
596 1731 724 1755 annum
754 1721 878 1765 procul
901 1720 944 1753 ab
971 1719 1054 1754 urbe
1081 1720 1319 1764 praeceptoris
1345 1719 1531 1752 domestici
1558 1729 1701 1752 munere
1725 1727 1803 1762 per-

291 1789 436 1823 functus
463 1790 531 1824 huc
557 1790 645 1823 redii
670 1790 790 1824 studia
815 1789 1049 1824 confecturus.
1082 1810 1113 1814 —-
1145 1789 1350 1822 Docuerunt
1372 1799 1424 1821 uie
1444 1799 1495 1821 vv,
1516 1788 1583 1821 ill.:
1611 1787 1804 1830 Kiessling,

292 1858 333 1892 de
359 1857 869 1898 Wilamowitz-Moellendorff,
904 1857 1092 1897 Suscmihl,
1129 1856 1297 1893 Preuner,
1332 1855 1508 1900 Schuppe,
1542 1853 1804 1893 Reifferscheid,

295 1928 404 1971 Vogt‚
429 1927 668 1971 Luetjohanu.
717 1927 904 1961 Seminarii
930 1926 1137 1971 philologici
1163 1926 1233 1960 tria
1259 1925 1443 1959 semestria
1462 1924 1591 1958 sodalis
1611 1924 1662 1958 fui
1687 1926 1806 1958 extra-

292 1995 501 2037 ordinarius,
549 1995 745 2030 ordinarius
778 1995 857 2032 duo.
899 1994 1162 2030 moderantibus
1196 1994 1413 2037 Kiossliugio
1448 1996 1484 2027 et
1521 1992 1805 2027 Wilamowitzio.

291 2066 482 2100 Praeterea
514 2065 683 2100 iuteresse
716 2065 805 2099 mihi
831 2065 934 2099 licuit
960 2063 1276 2098 exercitationibus
1302 2063 1530 2097 aristotelicis
1556 2065 1592 2097 et-
1615 2061 1806 2107 platonicis

293 2146 313 2168 a
339 2134 572 2175 Susemihlio,
612 2134 769 2168 metricis
803 2133 1042 2178 privatissime
1076 2144 1096 2166 a
1126 2132 1398 2167 Wilamowitzio
1431 2131 1620 2166 institutis.
1671 2130 1805 2173 Quibus

293 2203 465 2243 omnibus,
494 2213 581 2247 quos
606 2203 795 2243 nominavi,
823 2202 905 2236 viris
931 2201 1148 2236 doctissimis
1171 2201 1303 2246 optime
1321 2202 1362 2235 do
1382 2212 1436 2234 ine
1456 2200 1603 2239 meritis,
1631 2199 1806 2244 imprimis

293 2272 519 2316 Kiesslingio.
555 2272 615 2316 qui
640 2283 776 2306 summa
804 2283 882 2306 cuni
911 2271 1156 2306 benevolentia
1183 2282 1236 2305 me
1255 2281 1393 2315 semper
1411 2270 1557 2306 adiuvit.
1583 2271 1719 2313 gratias
1737 2281 1804 2314 ago

292 2352 499 2386 semperque
526 2340 661 2375 habebo
688 2352 792 2385 quain
821 2342 1001 2375 maximas.
