1921 3260
841 188 1113 227 —68-

622 399 899 451 Excursus
941 398 992 449 ΙΙ
1033 397 1118 467 (ad
1161 415 1215 465 p.
1256 395 1324 466 8).

340 541 516 581 Etiamsi
548 537 814 578 Curculionis
845 539 984 578 inf->49
1013 551 1034 578 e
1066 537 1224 578 Graeco
1256 547 1484 589 expressus
1515 539 1579 576 est
1607 537 1734 589 atque

228 623 498 671 coniectores,
523 619 595 672 qui
616 618 676 657 ibi
697 618 981 661 nominantur,
1009 622 1107 658 sunt
1129 617 1276 658 Graec-i
1298 615 1561 671 ὀνειροκρίται,
1592 617 1733 655 tamen

228 701 383 741 iniuria
404 697 712 750 Marquardtius
738 700 819 736 ant.
851 695 970 736 Rom.
991 696 1070 735 VI·2
1100 710 1139 749 p.
1159 697 1210 736 98
1242 700 1283 736 et
1315 695 1408 735 adn.
1441 696 1549 734 3-5
1580 705 1734 748 negare

229 779 331 819 mihi
361 777 527 817 videtur
557 774 770 816 veteribus
801 773 1004 815 Romanis
1047 787 1183 828 usque
1230 775 1279 815 ad
1312 774 1524 815 Ciceronis
1556 775 1733 814 aetatem

229 862 357 899 artem
384 857 549 897 somnia
575 854 875 907 interpretandi
906 855 1089 907 ignotam
1120 855 1264 895 fuisse.
1328 853 1493 894 Etenim
1526 865 1652 906 quem
1684 852 1736 893 ad

229 935 599 979 demonstrandam
628 946 747 974 suani
782 935 1032 975 sententiam
1066 935 1180 975 affert
1210 935 1346 974 locum
1380 932 1463 973 Cic.
1497 932 1548 973 de
1577 931 1660 971 div.
1681 929 1736 982 ΙΙ,

231 1019 296 1069 64,
322 1017 397 1056 131
425 1014 596 1067 „Qualis
618 1018 757 1053 autem
779 1014 856 1054 ista
881 1027 1000 1054 mens
1018 1019 1080 1054 est
1099 1014 1297 1054 deorunr·
1333 1016 1423 1053 etc..
1446 1024 1544 1053 enm
1565 1022 1736 1065 prorsus

232 1109 314 1136 non
344 1094 564 1135 intellexit.
628 1093 694 1133 Ex
733 1093 1081 1147 praecedentibus
1114 1094 1226 1133 enim
1260 1093 1396 1132 elucet
1421 1093 1464 1132 in
1498 1103 1547 1131 eo
1578 1090 1737 1130 versari

231 1175 443 1216 Ciceronis
480 1173 909 1227 argumentationem,
948 1175 991 1212 ut
1021 1173 1277 1213 demonstret
1322 1172 1582 1211 somniorum
1613 1171 1739 1210 inter-

228 1260 382 1310 preteS,
415 1255 487 1308 qui
513 1252 786 1306 profiteantur
815 1264 859 1291 se
891 1264 1061 1291 cernere
1086 1256 1210 1306 atque
1242 1252 1468 1305 explanare
1496 1263 1544 1291 ea
1576 1261 1684 1304 quae
1714 1262 1738 1289 a

231 1337 294 1377 dis
329 1333 572 1375 hominibus
595 1331 887 1386 significentur
907 1333 947 1371 in
983 1334 1157 1373 somnis.
1187 1346 1230 1372 re
1254 1344 1350 1372 vera
1373 1331 1412 1371 id
1434 1343 1518 1371 non
1549 1328 1736 1371 efficere:

231 1427 415 1468 namque
457 1413 508 1454 ad
550 1413 626 1451 hoc
664 1424 747 1451 non
794 1411 991 1451 mediocri
1034 1425 1139 1466 opus
1181 1424 1273 1451 esse
1304 1410 1545 1464 prudentia,
1589 1420 1737 1448 verum

231 1495 402 1549 ingenio
448 1492 675 1546 praestanti
720 1497 759 1531 et
804 1491 1039 1531 eruditione
1087 1493 1284 1544 perfecta:
1337 1491 1459 1531 talem
1508 1491 1648 1529 autem
1693 1499 1739 1527 se

188 1617 196 1622 ,
231 1585 436 1629 cognosse
458 1572 672 1612 neminem
705 1571 765 1621 (cf.
788 1572 935 1624 §13OE
998 1572 1107 1626 Ergo
1140 1572 1358 1612 scientiam
1389 1581 1534 1610 eorum
1565 1581 1610 1609 re
1642 1579 1741 1608 vera

233 1654 390 1695 nullam
430 1664 535 1693 esso.
612 1650 879 1691 Coniectores
927 1657 1064 1692 autern
1107 1666 1127 1692 a
1175 1650 1377 1691 Romanis
1421 1662 1505 1689 non
1552 1645 1742 1688 adhiberi

232 1746 370 1787 neque
401 1733 477 1773 hoc
506 1732 595 1772 loco
617 1743 755 1784 neque
777 1732 857 1771 alio
880 1734 1136 1784 pronuntiat.
1169 1732 1296 1771 immo
1318 1729 1574 1770 contrarium
1604 1726 1740 1780 ipsius

231 1813 360 1854 verba
399 1812 567 1865 saepius
610 1810 868 1864 significant,
922 1811 1037 1850 velut
1076 1812 1098 1863 ξ
1141 1813 1219 1851 129
1265 1801 1425 1862 ..t-deos)
1469 1807 1632 1848 obicere
1674 1805 1740 1844 his

232 1891 507 1946 (hominibus)
550 1892 639 1930 visa
672 1890 874 1943 quaedam
913 1894 1097 1930 tortuosa
1129 1895 1169 1931 et
1200 1890 1398 1940 obscura,
1436 1899 1544 1942 quae
1575 1885 1635 1926 illi
1667 1897 1740 1925 ex-

232 1973 362 2012 territi
398 1971 561 2010 somnio
602 1970 652 2009 ad
694 1970 972 2009 coniectore-ni
1018 1970 1242 2011 deferant“.
1307 1968 1447 2018 Quid?
1493 1966 1604 2021 quod
1642 1977 1741 2005 eon-

232 2053 407 2092 iectores
439 2050 638 2089 exstitere
682 2050 721 2088 in
755 2047 884 2088 Bruto
919 2050 1057 2092 Accii.
1098 2063 1152 2090 sc.
1190 2051 1230 2089 in
1259 2048 1395 2089 fabula
1428 2048 1641 2102 praetexta
1673 2043 1739 2095 (cf.

234 2131 315 2172 Cic.
349 2130 399 2170 de
425 2129 506 2169 div.
541 2127 571 2170 l.
605 2130 692 2179 22),
734 2141 858 2181 quem
893 2129 1029 2170 locum
1064 2143 1146 2184 quo
1179 2131 1266 2170 iure
1302 2126 1611 2182 Marquardtius
1643 2123 1743 2177 quia

234 2225 255 2251 a
295 2211 415 2264 poesi
457 2211 611 2264 petitus
655 2209 707 2247 sit
747 2207 945 2262 probandi
990 2210 1029 2249 vi
1069 2223 1208 2250 carere
1252 2209 1361 2249 dicat
1399 2220 1481 2248 non
1529 2203 1739 2256 intellego.

235 2289 345 2339 Quin
383 2289 461 2329 sub
506 2290 638 2342 ipsam
675 2287 808 2328 Plauti
849 2292 1024 2329 aetatem
1057 2290 1317 2330 somniorum
1360 2285 1742 2340 interpretationem

235 2369 284 2409 ad
323 2371 450 2409 artem
491 2367 650 2408 Romae
691 2368 960 2408 exercitatam
1004 2382 1097 2409 osse
1140 2369 1321 2409 ostentui
1362 2372 1443 2408 est:
1482 2376 1579 2405 num
1621 2374 1745 2403 voca-

235 2448 380 2488 bulum
406 2449 650 2493 ,,ι·υηιύι-[ωι-“
677 2447 745 2487 ille
770 2448 848 2487 iam
873 2449 1037 2500 proprio
1062 2454 1236 2502 usurpat.
1261 2448 1310 2487 de
1334 2446 1594 2487 somniorum
1619 2432 1744 2483 inter·

235 2533 372 2581 proto.
417 2531 460 2567 ut
495 2528 722 2571 .,‹·‹›m'1·01·‹⁷‘·
753 2527 803 2567 do
836 2528 996 2567 somnis
1028 2527 1145 2567 Cui-v.
1191 2528 1270 2567 253
1302 2532 1341 2566 et
1376 2524 1653 2567 ..1·«›111'‹·‹·?‹11·‹1“
1687 2519 1742 2562 ib·

236 2608 328 2647 2415.
390 2605 496 2647 Rud.
526 2608 617 2646 612.
654 2607 754 2650 ΠΙ,
786 2619 880 2646 euin
913 2608 1107 2659 primitus
1138 2621 1185 2647 oa
1218 2619 1298 2646 vox
1335 2605 1435 2645 nihil
1469 2602 1579 2644 aliud
1613 2601 1744 2656 signi-

234 2686 383 2727 ficasse
429 2686 558 2739 possit
596 2686 675 2725 nisi
721 2698 886 2726 ‹unnein
927 2686 1312 2739 interprctationein
1358 2697 1467 2738 quae
1503 2683 1744 2723 coniectura

235 2765 460 2809 efficiatur,
504 2766 611 2804 sicut
643 2763 816 2805 Plautus
861 2767 949 2819 ipse
982 2771 1021 2806 et
1053 2765 1255 2806 Tirtsiani
1296 2752 1347 2805 ut
1372 2763 1550 2818 prodigii
1579 2761 1745 2815 (Amph.

239 2846 361 2896 112⁸)
400 2851 439 2885 ct
472 2844 678 2899 Oedipum
721 2843 865 2895 (l'oen.
902 2845 930 2891 Ι,
962 2847 1000 2889 3,
1044 2848 1095 2886 34
1126 2849 1206 2899 sq.)
1247 2851 1291 2886 ut
1332 2843 1582 2897 aenigmatis
1619 2842 1745 2882 inter-
