1921 3260
777 170 827 174 .-
889 145 1052 184 65-

164 267 406 309 domesticis
456 267 633 308 diversis
678 268 838 308 similes
889 269 1042 320 patriae
1087 267 1416 308 consuetudines
1463 266 1664 307 exhibuit.

149 345 420 401 Plerumque
436 350 575 388 tamen
595 346 874 387 Menandreae
897 348 1042 387 aetatis
1065 351 1105 387 et
1132 359 1270 387 mores
1294 350 1334 386 et
1358 347 1582 399 opiniones
1603 347 1666 386 in-
1707 373 1710 376 -

161 429 299 481 tegras
323 431 448 480 atque
475 428 684 467 immunes
697 439 748 466 ex
766 427 901 466 Attica
918 426 1131 467 comoedia
1146 426 1358 466 transtulit
1386 427 1429 466 in
1445 426 1668 479 palliatam,

163 507 290 547 etiam
311 519 360 547 ea
378 518 486 560 quae
508 508 758 559 spectatores
782 506 954 545 minime
976 508 1147 558 possent
1172 507 1489 558 persentiscere,
1512 505 1667 546 nedum

164 587 350 627 suaviter
376 585 474 626 inde
505 584 632 628 affici,
676 585 777 637 quin
810 597 917 637 quae
947 586 1087 638 ipsum
1118 597 1268 637 parum
1297 584 1560 624 intellexisse
1595 585 1667 624 vix

163 665 218 705 sit
246 663 425 705 dubium
455 664 520 715 (cf.
552 677 590 717 p.
615 665 675 703 14.
711 665 774 703 29.
807 665 859 703 Η
875 669 963 717 sq).
1014 665 1160 705 Errore
1192 665 1318 718 igitur
1348 665 1444 704 duci
1464 667 1575 718 patet
1595 677 1668 704 eos

163 745 236 798 qui
276 756 331 784 ex
372 745 624 783 Graecarum
664 756 803 783 rerum
849 743 960 795 apud
1002 742 1198 784 Plautum
1238 745 1438 784 memoria
1475 742 1669 785 Plautina

162 826 295 865 aetate
327 835 397 863 eas
427 820 632 862 Romanis
663 826 783 862 notas
815 822 883 862 vel
927 823 1029 863 adeo
1072 824 1246 864 usitatas
1291 824 1425 864 fuisse
1457 824 1665 878 colligant.

163 902 357 956 Namque
396 904 560 956 poetam
596 900 792 942 Latinum
837 901 999 942 fabulas
1040 914 1140 943 suas
1179 916 1201 943 a
1241 902 1556 956 spectatoribus,
1596 904 1669 956 qui

162 981 357 1022 delectari
390 993 473 1021 non
496 984 670 1033 possent
693 979 821 1021 rebus
842 983 1065 1035 incognitis
1095 987 1134 1022 et
1155 982 1358 1034 obscuris,
1389 984 1575 1024 voluisse
1607 985 1670 1023 in-

163 1062 319 1115 tellegi,
341 1073 464 1102 nemo
496 1067 605 1100 certe
638 1065 698 1099 est
730 1054 831 1114 qui'n
863 1059 1010 1100 habeat
1042 1074 1307 1114 persuasum:
1328 1063 1401 1103 sed
1433 1076 1487 1103 ex
1518 1063 1670 1103 disser-

162 1141 318 1180 tatione
349 1142 487 1179 nostra
517 1140 710 1191 apparuit
727 1152 824 1179 eum
857 1140 932 1179 hoc
965 1141 1074 1193 quod
1099 1142 1229 1181 voluit
1259 1146 1370 1182 tanta
1390 1155 1484 1182 cun]
1507 1143 1671 1183 incuria

163 1222 204 1261 et
239 1224 284 1260 ut
322 1218 533 1272 propalam
573 1217 706 1258 (licam
745 1219 911 1258 levitate
953 1219 1200 1271 perfecisse,
1244 1226 1287 1260 ut
1316 1221 1423 1261 haud
1455 1235 1587 1275 pauca
1626 1224 1668 1262 in

162 1297 434 1338 translatione
467 1297 663 1336 retineret
698 1297 809 1349 plebi
854 1298 1040 1338 indoctae
1082 1300 1196 1340 nullo
1236 1307 1353 1353 paeto
1392 1301 1670 1354 percipienda.

151 1375 385 1425 'Quodoum
422 1389 587 1418 summa
629 1377 804 1417 libidine
847 1383 967 1429 poeta
1008 1377 1208 1418 barbarus
1239 1380 1418 1420 Graecas
1459 1393 1525 1420 res
1557 1394 1670 1421 nunc

163 1456 214 1496 ad
247 1455 422 1496 verbum
465 1459 742 1510 expresserit,
780 1469 891 1496 nuuc
931 1460 1153 1497 mutaverit
1194 1457 1417 1511 Romanis,
1454 1464 1498 1500 ut
1528 1473 1671 1514 saepe-

165 1548 340 1576 numero
380 1536 536 1576 Graeca
568 1544 607 1577 et
647 1535 836 1577 Romana
877 1538 1084 1577 artissime
1126 1551 1170 1578 se
1208 1543 1399 1592 premant
1440 1543 1511 1579 aut
1548 1539 1671 1593 plane

165 1616 374 1668 permixta
433 1618 516 1656 sint
572 1616 637 1667 (kcf.
676 1630 713 1669 p.
757 1618 954 1672 412ssll.
1001 1618 1092 1668 60),
1152 1632 1289 1673 neque
1336 1620 1470 1659 utrius
1526 1620 1671 1672 populi

165 1707 303 1735 mores
344 1696 618 1749 institutaque
675 1708 843 1748 quoquc
885 1696 974 1735 loco
1026 1699 1305 1750 respiciantur
1349 1699 1430 1738 nisi
1481 1712 1536 1739 ex
1579 1699 1672 1739 aliis

164 1775 417 1814 testimoniis
448 1776 581 1827 possit
606 1775 810 1828 dignosci,
841 1788 1108 1828 consequens
1135 1781 1199 1816 cst
1221 1776 1288 1816 ubi
1315 1776 1507 1818 Plautum
1533 1779 1670 1819 solum

164 1852 368 1894 habemus
418 1855 671 1907 cognitionis
715 1854 894 1895 alieuius
948 1855 1118 1907 fontem,
1157 1868 1254 1897 eum
1301 1857 1350 1897 ad
1405 1859 1672 1910 antiquarum

166 1944 306 1973 rerum
351 1931 477 1973 fidem
522 1933 754 1973 faciendam
799 1935 911 1975 nulla
951 1947 1044 1974 esse
1082 1937 1323 1976 auctoritate
1367 1941 1491 1989 atque
1531 1939 1670 1989 potius

114 2008 120 2014 ’
168 2011 458 2062 omittendum,
497 2013 579 2052 nisi
619 2013 720 2053 sorte
760 2026 845 2053 rem
887 2012 1123 2053 Plautinum
1162 2018 1377 2067 propterea
1424 2016 1535 2069 quod
1575 2029 1670 2058 cum

168 2089 327 2130 Graeca
367 2091 508 2145 aliqua
537 2105 586 2132 eo
619 2092 707 2131 loco
740 2096 1022 2132 consentanea
1055 2093 1265 2145 insignem
1300 2093 1447 2134 habeat
1477 2097 1672 2136 similitu-

167 2169 323 2222 dinem,
354 2184 426 2224 pro
456 2171 530 2210 liac
554 2172 785 2211 institutam
812 2184 905 2211 esse
928 2175 1165 2224 promptum
1188 2173 1241 2211 sit
1264 2177 1389 2226 atque
1411 2177 1670 2228 propositum

167 2249 233 2302 (cf.
274 2263 310 2303 p.
353 2252 417 2290 22.
452 2251 533 2296 60).
595 2250 673 2291 Sed
713 2252 835 2290 etiam
882 2250 950 2290 ubi
990 2254 1158 2291 exstant
1201 2252 1378 2293 aliorum
1424 2255 1670 2308 scriptorum

169 2327 235 2368 vel
273 2333 641 2369 monumentorum
694 2330 956 2381 testimonia,
1002 2330 1065 2370 his
1107 2333 1217 2372 viros
1268 2332 1409 2373 doctos
1453 2332 1670 2375 Plautinae

166 2407 340 2447 rationis
369 2421 515 2461 parum
547 2409 729 2448 seientes
762 2421 845 2449 non
877 2422 1042 2463 semper
1069 2415 1178 2450 recte
1209 2423 1309 2451 usos
1340 2424 1435 2453 esse
1458 2413 1672 2467 multaque

167 2486 208 2525 in
239 2484 394 2526 fabulis
424 2486 508 2527 illis
539 2488 696 2528 acriore
727 2487 882 2528 iudicio
913 2489 963 2529 ad
996 2490 1131 2530 Attica
1161 2491 1356 2544 exempla
1381 2491 1673 2546 Graecumque

168 2577 326 2605 morem
360 2567 546 2606 revocari
588 2579 711 2620 posse
757 2581 865 2621 quae
907 2568 1030 2608 hodie
1086 2569 1212 2623 vulgo
1259 2582 1382 2610 secus
1422 2571 1544 2623 fiant,
1587 2585 1671 2612 non

167 2655 252 2684 uno
296 2644 493 2697 exemplo
536 2645 658 2686 credo
707 2659 774 2687 me
821 2647 1144 2688 demonstrasse.
1208 2648 1344 2697 Quare
1392 2663 1566 2691 necesse
1612 2654 1675 2691 est

167 2725 327 2764 ceterae
360 2736 530 2777 quoque
561 2725 856 2778 antiquitatum
876 2725 1171 2768 'Plautinarum
1211 2732 1349 2782 partes
1381 2742 1477 2770 cum
1509 2744 1608 2770 cura
1634 2735 1675 2770 et

165 2801 382 2856 diligentia
426 2806 666 2854 tractentur,
705 2817 787 2857 quo
824 2806 952 2846 simul
991 2807 1166 2847 clariora
1201 2821 1247 2847 ac
1292 2809 1465 2849 certiora
1495 2810 1595 2850 fiant
1625 2823 1674 2851 ea

167 2893 277 2934 quae
310 2894 387 2922 nos
418 2893 473 2921 ex
510 2895 596 2923 una
622 2887 736 2936 parte
769 2885 969 2925 eruimus.

1376 2954 1396 2974 Ο
